{"text":"고객님의 브라우저에서는 쿠팡이 정상 동작하지 않습니다. 인터넷 익스플로러 업데이트, 크롬 또는 파이어폭스 브라우저를 설치하세요. 인터넷 익스플로러 업데이트하기 크롬 설치하기 파이어폭스 설치하기 로그인 회원가입 고객센터자주묻는 질문 1:1 채팅문의 고객의 소리 취소 / 반품 안내 즐겨찾기입점신청오픈마켓 여행·티켓 로켓배송 제휴마케팅 추천이런건 어때요?36%백화점 납품농장 얼음골 부사 감홍 사과, 1박스, 가정용 5kg (14-16과) 205광고더 알아보기 쿠팡 홈 식품 과일 사과/배 사과 올해 첫 수확 빨간 햇 사과, 가정용 한입사과 2..., 1개 원산지: 경북 1,445개 상품평 twitter 공유하기 mail 보내기 X 품절 81% 60,000원 39,900원 (100g당 887원) 쿠팡판매가 36,490원 (100g당 811원) 쿠폰할인가 사전예약 상품 사전예약 상품은 예약 구매 후 도착 예정일에 수령하는 상품입니다. 3,410원 쿠폰 적용됨 와우 가입 시 고객님은 10,900원에 구매 가능 받기 쿠폰받기 쿠폰받기 3,410원 5000원 이상 장바구니 더 많은 옵션 보기 중량 × 수량: 가정용 한입사과 2kg × 1개 가정용 한입사과 2kg × 1개 36,490원 쿠폰할인가 100g당 811원 (최저 단위가) 소과 2kg × 1개 31,900원 쿠폰할인가 100g당 1,595원 모든 옵션 보기 무료배송 무료배송 금요일 12/13 도착 예정 금요일 12/13 도착 예정 가능 배송지로 변경 시 구매 가능 현재 고객님 주소지는 서비스 대상이 아닙니다. 곧 고객님께 찾아뵙도록 노력하겠습니다. 사전예약 상품의 설치일은 사전 협의 후 변경될 수 있습니다. 판매자: 푸드스토리 판매자 평가 65% (1,946) 배송사: 롯데택배 다른 판매자 보기() 적립 최대 545원 쿠팡캐시 적립 · 쿠페이 머니 결제시 혜택보기 캐시적립 혜택 닫기 결제 혜택 쿠페이 머니 결제 시 1% (월 최대 1만원) 109원 와우 멤버십 + 쿠페이 계좌이체 결제 시 2% (첫 30일 동안, 월 최대 2만원) 218원 와우 멤버십 + 쿠페이 머니 결제 시 추가 4% (첫 30일 동안, 월 최대 4만원) 436원 * 캐시적립 혜택은 배송 완료 7일 후 반영됩니다. * 각 혜택 별로 중복 적용이 가능합니다. * 쿠팡캐시를 사용해 결제한 금액은 캐시적립 혜택에서 제외됩니다. 36,490원 (100g당 811원) 쿠폰할인가 10,900원 (100g당 242원) 와우할인가 PC에서도 간편한 결제 쿠페이머니 카드 계좌이체 수량빼기 수량더하기 장바구니 담기 바로구매 재입고 알림신청 재입고 알림신청 완료 재입고 시 회원님의 이메일로 알림이 발송됩니다. 품절 정기배송 장바구니 담기 와우 멤버십으로 할인받기 바로 예약구매 개당 중량: 4.5kg 총 수량: 1개 쿠팡상품번호: 8246353393 - 19907337369 푸드스토리 농가살리기 쿠폰 할인 3천4백원쿠폰할인 상품보기 함께 비교하면 좋을 상품 광고 쿠팡으로부터 광고 서비스를 구매한 제휴업체의 판매상품입니다. 진품인증 받은 해남고구마, 꿀고구마 10kg 긴중상(60g~120g), 1개 47,000원 (100g당 470원) 80% (61,626) [명품농원] 당도선별 문경 사과 5kg 선물세트, 1개, 03. 명품농원 중과 5kg(17~19과)-선물용 60,000원 (100g당 1,200원) 100% (435) 당도 좋은 빨간사과 흠과 4kg 실중량, 1박스 14,300원 (100g당 358원) 70% (342) 푸드마실 껍질째먹는 경북 청송 안동 꿀사과, 사과 2kg(10~13과), 1개 13,900원 (100g당 695원) 60% (875) 포슬포슬 분감자 두백감자 강원도 햇감자 3kg 5kg 10kg, 1박스, 두백감자 [왕특] 2kg, 왕특 11,900원 (100g당 397원) 80% (740) 당도보장 꿀이가득 껍질째먹는 안동 청송 가정용 꿀사과, 1개, 9kg 77,150원 (100g당 857원) 70% (1,301) 껍질째먹는 훈이네 경북 청송 가정용 선물용 꿀사과, 혼합10KG, 1개 77,900원 (100g당 779원) 90% (17,646) 해발600m 고랭지 꿀 햇사과, 5kg (흠집 혼합크기 20과 내외), 1박스 34,910원 (100g당 13,964원) 80% (675) [명품농원] 당도선별 문경 사과 5kg 선물세트, 1박스, 01. 명품농원 대과 5kg(14~16과)-선물용 70,000원 (100g당 1,400원) 100% (531) 껍찔째 먹는 천연과즙 팡팡 안동 청송 가정용 꿀사과, 1개, 4.5kg내외 29,800원 (100g당 662원) 70% (695) 제주도 감귤 귤 10kg 제주 조생 노지귤 노지감귤 고당도 5kg 3kg 극조생, 1개, 3kg(중소) 17,900원 (100g당 597원) 80% (133) [제주놀멍] 햇 노지 감귤 고당도 밀감 하우스 가정용 3kg 5kg 10kg, 귤 3kg L-2L, 1개 19,900원 (100g당 663원) 80% (170) 오늘출발 고당도 제주 특산품 귤, 1박스, 9kg(대과귤돼지) 38,400원 (100g당 427원) 100% (5,980) 첫 출하 빨간 가정용 햇 사과 4.5KG (무조건 발송), (20~30과)소과, 1개 30,700원 (100g당 682원) 70% (31,889) 안동 청송 프리미엄 햇 사과 가성비 좋은 가정용, 1개, 3.5kg 27,800원 (100g당 794원) 70% (2,362) 건강을 담은 장군이네 가정용 꿀사과 흠과, 1개, 혼합 5kg 38,900원 (100g당 778원) 100% (1,891) 경북 꿀 사과 (가정용 쥬스용 쭈글이 흠집 기스 비품 못난이) 10kg, 10kg(대과), 1개 31,900원 (100g당 319원) 70% (789) 새콤달콤 맛있는 빨간 햇 사과, 4.5kg, 1개 31,400원 (100g당 698원) 80% (2,987) A급주스용 가성비 흠집 못난이 가정용 2024년도 햇 사과 5kg, 1개 29,900원 (100g당 598원) 70% (48) [푸릇앤팜] 문경 청송 얼음골사과 꿀사과, 1박스, 가정용 A 3kg (kg당 5과내외) 20,800원 (100g당 693원) 80% (32) [오늘아침사과] 껍질째먹는 세척사과, 3kg (17과), 1개 22,900원 (100g당 763원) 80% (361) 우진이네 사과 경북 청송 가정용 꿀사과 못난이사과 ( 소과 혼합), 1박스, 3KG(혼합) 25,900원 (100g당 863원) 100% (73) 한정특가 주스용 가정용 사과 5kg~10kg, 1개, 가정용부사 9kg간식(40-49) 38,000원 (100g당 422원) 80% (422) [꿀당도]과즙이 팡팡터지는 당도선별 새콤달콤 감홍사과, 1개, 가정용3kg 38,800원 (100g당 1,293원) 80% (65) 사과맛집 당도보장 꿀맛 간편아침 세척사과 중소과, 1개, 2kg(8~10입) 20,700원 (100g당 1,035원) 80% (14) 스윗쿡 과일앤 저탄소인증 홍로 부사 사과 정품, 당도선별 사과 2kg 꼬마사과, 1개 36,900원 (100g당 1,845원) 80% (62) 꿀품 가정용 사과 꿀사과, 1개, 5kg 소과(28-33과) 25,900원 (100g당 518원) 80% (1,676) 효성팜 껍질째 먹는 세척 사과 부사 개별 포장 봉지 씻어나온 씻은, 1박스, 5kg (31-35과/꼬마) 16,900원 (100g당 338원) 100% (2) 햇 부사 사과, 1개, 중과 3kg 28,800원 (100g당 960원) 100% (4) [더싱싱] 껍질째 먹는 국내산 세척사과, 1개, 가정용 2kg(10-13과) 18,700원 (100g당 935원) 80% (39) 오늘의 판매자 특가 1 /4 특가진행중 로얄 16brix 초고당도 제주 감귤, 1박스, 4.5kg(L-2L) 와우할인가 53% 27,800 12,900원 (100g 287원) 12/13(금) 도착 예정 무료배송 80% (3,885) 80 % 남음 특가진행중 아삭아삭 경북 부사 2kg 외 개별포장 세척부사까지 과수별골라담기, 1박스, 세척사과 2kg (14과내외/실중량) 와우할인가 64% 27,900 9,810원 (100g 491원) 12/13(금) 도착 예정 무료배송 80% (167) 35 % 남음 특가진행중 새콤달콤 국내산 햇 빨간 사과 정품 가정용, 1박스, 가정용 / 4kg / 중과 와우할인가 46% 24,900 13,410원 (100g 168원) 12/13(금) 도착 예정 무료배송 70% (21) 93 % 남음 특가진행중 자연미가 손질절단특품 궁채나물 1.5kg /궁채 뚱채 황채 줄기상추 냉장, 1개 와우할인가 12% 13,000 11,340원 (100g 756원) 모레(목) 도착 예정 무료배송 90% (579) 99 % 남음 특가진행중 오늘출발 고당도 제주 특산품 귤, 1박스, 2.5kg(로얄귤돼지) 와우할인가 57% 35,900 15,400원 (100g 616원) 모레(목) 도착 예정 무료배송 100% (5,980) 44 % 남음 특가진행중 [오전8시 주문건 당일발송] 12브릭스 당도선별 세척사과 3kg (16~21입 소과), 1개 와우할인가 71% 91,460 26,090원 (100g 870원) 모레(목) 도착 예정 무료배송 80% (2,557) 63 % 남음 특가진행중 [압도적품질] 고당도 부사사과 특품 꿀사과, 1박스, 중과 1kg 와우할인가 55% 33,450 15,040원 (100g 1,504원) 12/13(금) 도착 예정 무료배송 90% (72) 98 % 남음 특가진행중 햇 당근 대 10kg 수입 세척당근, 수입 세척당근 대 10KG, 1개 와우할인가 3% 14,400 13,960원 (100g 140원) 모레(목) 도착 예정 무료배송 80% (39) 99 % 남음 특가진행중 제스프리 썬 골드키위 특대과 뉴질랜드산 정품, 1개, 2KG (14~15입) 와우할인가 51% 43,200 20,960원 (100g 1,048원) 모레(목) 도착 예정 무료배송 90% (622) 95 % 남음 특가진행중 [우연팜] 가정용 아침에 한입 사과 경북 부사 꿀사과 꼬마과 소과, 1박스, (부사사과 꼬마과) 2kg 와우할인가 54% 21,900 9,900원 (100g 495원) 12/13(금) 도착 예정 무료배송 80% (46) 33 % 남음 특가진행중 효성팜 빨간 사과 5kg 가정용 못난이 부사 사과, 1박스, 5kg (27-30과내외) 와우할인가 28% 19,900 14,310원 (100g 286원) 12/13(금) 도착 예정 무료배송 80% (138) 6 % 남음 특가진행중 로얄 16brix 초고당도 제주 감귤, 1박스, 1kg(2S-M) 와우할인가 44% 25,600 14,310원 (100g 1,431원) 12/13(금) 도착 예정 무료배송 80% (3,885) 99 % 남음 특가진행중 경북 청송 의성 안동 가정용 쥬스용 맛있는 사과, 3KG소과(19-20과), 1박스 와우할인가 46% 29,900 15,900원 모레(목) 도착 예정 무료배송 90% (447) 90 % 남음 특가진행중 껍질째먹는 햇사과 경북 청송 안동 산지직송 선물용 꿀사과, 사과 꼬마 2kg(14~16과), 1개 와우할인가 73% 49,000 12,900원 (100g 645원) 모레(목) 도착 예정 무료배송 70% (229) 74 % 남음 특가진행중 [정품인증] 꿀당도 엔비사과 팬시등급 가정용, 1박스, 중소과 1kg 와우할인가 59% 30,150 12,070원 (100g 1,207원) 12/13(금) 도착 예정 무료배송 70% (74) 95 % 남음 특가진행중 [사과농사32년] 팔도소문 산지직송 가정용 부사, 1개, 5kg 와우할인가 47% 47,800 24,930원 (100g 499원) 12/13(금) 도착 예정 무료배송 80% (150) 32 % 남음 특가진행중 제주직송 고당도 노지감귤 대과, 1박스, 10kg 와우할인가 58% 34,900 14,450원 (100g 145원) 12/13(금) 도착 예정 무료배송 90% (50) 68 % 남음 특가진행중 당도선별 제주 감귤, 1개, 10kg(가정용 2L-L 중대 실중량 9kg) 와우할인가 76% 49,900 11,900원 (100g 119원) 12/13(금) 도착 예정 무료배송 80% (301) 51 % 남음 특가진행중 껍질없는 녹두 대 깐녹두, 1kg, 1개 와우할인가 23% 12,900 9,920원 (100g 992원) 모레(목) 도착 예정 무료배송 90% (819) 56 % 남음 특가진행중 [입점특가] 쫀득한 상주 건시 곶감 가정용 대과, 500g, 1개 와우할인가 44% 25,900 14,310원 (10g 286원) 모레(목) 도착 예정 무료배송 90% (369) 34 % 남음 상품상세 상품평 (1,445) 상품문의 배송/교환/반품 안내 특장점 필수 표기정보 품목 또는 명칭 사과2kg 포장단위별 내용물의 용량(중량),수량,크기 2kg 생산자(수입자) 푸드스토리 협력사 원산지 경북 제조연월일, 소비기한 또는 품질유지기한 농산물특성상 제조연월일 일정치 않습니다 054-635-1083 문의 바랍니다. 세부 품목군별 표시사항 상품 상세페이지 참조 수입식품 문구 여부 상품 상세페이지 참조 상품구성 사과2kg 보관방법,취급방법 즉시섭취요망 ,냉장보관 소비자안전을 위한 주의사항 즉시섭취요망 또는 냉장보관 소비자상담관련 전화번호 054-635-1083 필수 표기정보 더보기더보기 판매자가 현금거래를 요구하면 거부하시고 즉시 사기 거래 신고센터 (1670-9832)에 신고하시기 바랍니다. 부사 한입사과 2KG (12~18과) 재고 부족시 한단계 상위 옵션으로 물건이 나 갈 수 있습니다. 영주마실 사과는 전국에서 명품사과로 손꼽히는 경북 사과입니다. 소백산의 깨끗한 자연환경, 풍부한 일량과 큰 일교차 덕분에 단단하고 달고 시원한 맛이 일품입니다. 농민들이 하나하나 정성을 다합니다. 영주마실은 순수한 사과만으로 선별하고 신선한 사과를 엄선하여 당일 배송을 지키려고 노력 합니다. 산에서 재배하는 산사과 입니다. 당도가 높은 것이 특징이며, 껍질이 얇고 알이 단단하여 달콤 아삭아삭한 것이 일품입니다. 부사 사과 크기 비교 사과가 다치지 않게 종이패드로 한번 더 보호 하였습니다. 상세 정보고시 고객센터 : 054 - 635 -1083 이런 상품은 어때요?AD무료배송손가락 악력기 핑거 운동 악기 기타 스케일 연습기, 오렌지17,800원(31)무료배송[100% 환불보장] 경북 부사 사과 산지직송(정품), 1박스, 5kg(중대과)43,900원73%할인(134)무료배송첫 출하 빨간 가정용 햇 사과 4.5KG (무조건 발송), (20~30과)소과, 1개30,700원48%할인(9,999+)무료배송경북 고당도 햇 부사사과 가정용 꿀 사과, 1개, 5kg 로얄과 17-22과26,900원(914)무료배송탐나유 가정용 꿀사과 사과, 1개, 4kg 중과(16-20과)33,200원7%할인(2,023)무료배송[재구매율1위] 품질보증 정품 문경 부사사과, 1개, 정품3KG 소과(13~15과)36,900원(5)무료배송꿀품 가정용 사과 꿀사과, 1개, 5kg 소과(28-33과)25,900원27%할인(1,676)무료배송(쿠팡특가) 장수사과 부사 5kg/10kg 과수농가직판, 20개, 5kg44,000원(17)무료배송[달콤이네과일] 고급 명품 과일 최상품 청송 부사 사과 선물세트 산지직송, 1박스78,000원57%할인(79)무료배송프리미엄 정품 엔비 정품 엔비 꿀사과, 1박스, 3kg31,800원39%할인(56)무료배송청송 안동 빨간사과 가정용 혼합과, 1박스, 혼합과4kg 12~24과29,900원27%할인(5)무료배송새콤달콤 맛있는 빨간 햇 사과, 4.5kg, 1개31,400원37%할인(2,987)무료배송껍질째먹는 고당도 안동 청송 햇사과, 1개, 4.5kg29,800원46%할인(237)무료배송효성팜 껍질째 먹는 세척 사과 부사 개별 포장 봉지 씻어나온 씻은, 1박스, 2kg (14과내외/꼬마)11,900원25%할인(2)무료배송[20birx] 고당도보장 특품 대봉감 홍시 탱탱한 하동 지리산 홍시 장인이 키운 대봉감, 대봉시 대 10kg, 1개37,530원62%할인(1,172)무료배송햇 빨간 가정용 한입 사과 4.5KG (당일발송), 1개, 정품 소과 사과 (24~30과)32,850원(9,999+)무료배송맛통령 국내산 제주 구좌 흙당근, 1개, 흙당근 (중상) 5kg28,230원76%할인(3,387)무료배송안동 청송 프리미엄 햇 사과 가정용, 1개, 4.5kg29,800원53%할인(2,362)무료배송[제주놀멍] 햇 노지 감귤 고당도 밀감 하우스 가정용 3kg 5kg 10kg, 귤 3kg L-2L, 1개19,900원(170)무료배송(용이다팜) 가정용 사과10kg 부사 (50과내외), 1개, 10kg (40과 내외)45,900원(642)무료배송은하수농장 가정용 사과 기획상품, 1개, 실속형 흠집 사과 크기혼합 5kg (박스무게포함)34,000원(654)무료배송껍찔째 먹는 천연과즙 팡팡 안동 청송 가정용 꿀사과, 1개, 4.5kg내외29,800원46%할인(695)무료배송진품인증 받은 해남고구마, 꿀고구마 10kg 특상(120g~300g), 1개51,800원(9,999+)무료배송수분가득한 제주구좌 경남 강원 햇 흙당근, 1개, 당근 5kg 상39,800원68%할인(1,218)무료배송경북 청송 빨간사과 꿀사과 3kg 5kg 가정용 부사, 1박스, 5kg(대과)39,900원(8)무료배송[선별품] 사과 경북 부사 아삭한 햇사과 고당도 꿀사과 디아머스, 1박스, 10kg(가정용 혼합랜덤)41,480원(3)무료배송[당일발송]첫수확 제주 구좌 햇 흙당근, 중5kg, 1개29,900원(9,999+)무료배송당도보장 꿀이가득 껍질째먹는 안동 청송 가정용 꿀사과, 1개, 9kg77,150원(1,301)무료배송고지대 GAP 13브릭스 고당도 중대과 250-300g 부사 사과 선물용 포장 3KG 5KG 특품, 1개, 5kg(16~20과)39,900원(11)무료배송프레시잉 국내산 당근, 못난이 당근 (흙) 5kg, 1개16,900원(4,515) 상품평 쓰기 상품평 운영원칙 상품평 동일한 상품에 대해 작성된 상품평으로, 판매자는 다를 수 있습니다. * 이 상품에 대한 상품평 작성은 기능 및 효과에 대해 오해의 소지를 제공할 수 있어 별점 평가만 가능합니다. 베스트순 | 최신순 글작성 글수정 모든 별점 보기 나쁨 별로 보통 좋음 최고 모든 별점 보기 최고 좋음 보통 별로 나쁨 '커버력' 139개의 검색 결과가 있습니다. 나쁨 별로 보통 좋음 최고 동영상 0 이미지 0 상품평 운영원칙 ※ 상품평 운영원칙 및 관련 법령에 위반되는 경우에는 해당 상품평에 대한 임시 대처, 비공개 전환, 삭제 등의 필요한 조치가 취해질 수 있습니다. 1. 작성된 글과 첨부된 멀티미디어 파일 등으로 이루어진 각 상품평은 개인의 의견을 반영하므로, 게시된 내용에 대한 모든 책임은 작성자에게 있습니다. 2. 상품평은 상품의 사용 관련 후기인 바, 배송·주문취소·교환·반품 등에 관한 문의사항은 고객센터로 제기하시기 바랍니다. 3. 다음과 같은 내용은 상품평에 허용되지 않은 부류인 바, 상품평 작성 시 주의하시기 바랍니다. A. 주관적인 의견으로 인해 상품의 기능 및 효과에 대하여 오해의 소지가 있는 내용 B. 식품/건강기능식품과 관련하여 질병의 예방 및 치료, 체중감량 (다이어트)에 효능·효과가 있다는 내용 C. 비방, 욕설, 도배 등의 게시물 또는 반복되는 동일 단어나 문장 D. 타인 또는 기타 기관이 작성, 공개한 정보를 복사하여 기재한 부분 E. 상업적 목적의 광고성 내용 F. 그 밖에 상품평 운영원칙에 위배되거나 그러하다고 사료되는 내용 4. 상품평으로 인해 다른 회원 또는 제3자에게 피해가 가해질 경우, 법적인 책임이 따를 수 있으며, 이에 대한 책임은 상품평을 게시한 당사자에게 있습니다. 5. 개인정보 보호와 관련된 피해를 방지하기 위해 주민번호, 전화번호, 이메일, 연락처 등의 내용 기입은 삼가해주시기 바랍니다. 해당 내용이 발견되는 경우, 제3자 노출을 방지하기 위해 관리자에 의해 노출 제한, 비공개 전환, 삭제 처리 등이 될 수 있습니다. 6. 이 외 상품평의 성격에 맞지 않는 내용은 관리자에 의해 노출 제한, 비공개 전환, 삭제 처리 등이 될 수 있습니다. 접기 보기 / 신고하기 쿠팡체험단 안내 ※ 쿠팡체험단에 초대되신 고객이 쿠팡이 무료로 제공한 상품에 상품평을 작성하면 뱃지가 발급됩니다. 쿠팡체험단에 도전해보세요. 쿠팡체험단 소개 신뢰도 높은 활동을 한 리뷰어에게 최신 상품을 경험해볼 수 있는 기회를 제공합니다. A. 초대 형태로 운영 B. SMS/이메일 수신 거부 시 초대 불가 C. 수령 후 상품평 작성 필수 D. 미등록 시 체험단 자격 박탈 가능 E. 우수 리뷰어는 지속적으로 초대 가능 쿠팡체험단 선정 기준 상세하고 정직한 상품평을 작성하면 리뷰어 점수와 랭킹 순위가 높아지고, 초대 받을 확률도 증가합니다. 쿠팡체험단 운영 원칙 솔직한 상품평을 작성해야 하며, 쿠팡체험단 상품평 기준 또는 상품평 운영원칙에 어긋나는 상품평을 작성한 리뷰어게는 자격 박탈 등의 불이익이 생길 수 있습니다. 리뷰어 뱃지 안내 ※ 리뷰어 뱃지는 다른 고객에게 자신을 나타낼 수 있는 도구이며, 활동량과 자격에 따라 자동으로 부여됩니다. TOP 리뷰어 신뢰도 높은 상품평을 작성하면 평가 및 활동량에 따라 뱃지가 부여되고, 기준은 주기적으로 업데이트 됩니다. 실명 리뷰어 실명을 사용하면 작성하신 상품평에 대한 신뢰도가 높아집니다. 상품평 설정 메뉴에서 실명 공개 동의를 하면 바로 뱃지를 얻을 수 있습니다. 쿠팡체험단 쿠팡체험단에 초대 되신 고객이 상세한 상품평을 작성하면 쿠팡체험단 뱃지가 발급됩니다. 쿠팡체험단 안내 ※ 쿠팡체험단에 초대되신 고객이 쿠팡이 무료로 제공한 상품에 상품평을 작성하면 뱃지가 발급됩니다. 쿠팡체험단에 도전해보세요. 쿠팡체험단 소개 신뢰도 높은 활동을 한 리뷰어에게 최신 상품을 경험해볼 수 있는 기회를 제공합니다. A. 초대 형태로 운영 B. SMS/이메일 수신 거부 시 초대 불가 C. 수령 후 상품평 작성 필수 D. 미등록 시 체험단 자격 박탈 가능 E. 우수 리뷰어는 지속적으로 초대 가능 쿠팡체험단 선정 기준 상세하고 정직한 상품평을 작성하면 리뷰어 점수와 랭킹 순위가 높아지고, 초대 받을 확률도 증가합니다. 쿠팡체험단 운영 원칙 솔직한 상품평을 작성해야 하며, 쿠팡체험단 상품평 기준 또는 상품평 운영원칙에 어긋나는 상품평을 작성한 리뷰어게는 자격 박탈 등의 불이익이 생길 수 있습니다. 리뷰어 뱃지 안내 ※ 리뷰어 뱃지는 다른 고객에게 자신을 나타낼 수 있는 도구이며, 활동량과 자격에 따라 자동으로 부여됩니다. TOP 리뷰어 신뢰도 높은 상품평을 작성하면 평가 및 활동량에 따라 뱃지가 부여되고, 기준은 주기적으로 업데이트 됩니다. 실명 리뷰어 실명을 사용하면 작성하신 상품평에 대한 신뢰도가 높아집니다. 상품평 설정 메뉴에서 실명 공개 동의를 하면 바로 뱃지를 얻을 수 있습니다. 쿠팡체험단 쿠팡체험단에 초대 되신 고객이 상세한 상품평을 작성하면 쿠팡체험단 뱃지가 발급됩니다. 접기 보기 / 신고하기 총 0 개 프로필로 돌아가기 접기 보기 / 프로필로 돌아가기 상품평 신고하기 상품평 등록하기 상품평 수정하기 등록된 상품평이 없습니다. 구매 후 상품평을 등록해 보세요. 4점 이상리뷰가 좋은 상품AD무료배송꿀품 가정용 사과 꿀사과, 1개, 5kg 소과(28-33과)25,900원27%할인(1,676)무료배송[당일발송]첫수확 제주 구좌 햇 흙당근, 중5kg, 1개29,900원(9,999+)무료배송맛통령 국내산 제주 구좌 흙당근, 1개, 흙당근 (특상) 10kg39,920원81%할인(3,387)무료배송맛통령 베니하루카 꿀고구마, 꿀고구마 (특상) 10kg, 1개49,700원(9,999+)무료배송껍질째먹는 훈이네 경북 청송 가정용 선물용 꿀사과, 혼합5KG, 1개39,900원(9,999+)무료배송경북 고당도 햇 부사사과 가정용 꿀 사과, 1개, 5kg 로얄과 17-22과26,900원(914)무료배송[제니네청과유통] 24년 햇 고당도 후지사과 / 부사 / 서리맞은 꿀사과 / GAP인증 / 선물포장, 1박스, 정품 중과 (9과입/실중량 2.7kg)38,000원(16)무료배송새콤달콤 고당도 제주 조생 감귤 타이벡(L-2L), 1박스, 대과 (L~2L) 5kg17,900원55%할인(5)무료배송백화점 납품농장 얼음골 부사 감홍 사과, 1박스, 가정용 5kg (14-16과)61,600원(205)무료배송해남 다모 꿀고구마 3kg 5kg, 1개22,500원(9,999+)무료배송강원도 3816 양구 펀치볼 부사 사과 5KG, 1박스, 5kg소과(21-14)48,900원(149)무료배송건강을 담은 장군이네 가정용 꿀사과 흠과, 1개, 혼합 5kg38,900원(1,891)무료배송맛통령 국내산 파프리카 빨강 노랑 혼합, 1개, 파프리카 2kg15,910원71%할인(1,130)무료배송[올프레시] 아삭 달콤 고당도 첫 출하 빨간 가정용사과 (소과) 3kg 5kg, 1개, 가정용사과5kg소과33,900원43%할인(19)무료배송15brix 고당도선별 특품 햇 단감, 10kg 특대과 (41-46과), 1개41,530원61%할인(398)무료배송청송 안동 빨간사과 가정용 혼합과, 1박스, 혼합과4kg 12~24과29,900원27%할인(5)무료배송소고기 800g 모둠 갈비살+살치살+부채살+우삼겹 각 200g 소분포장 태화농수산, 살치살+부채살+우삼겹+갈비살, 1세트29,900원48%할인(9,999+)무료배송제주 구좌 강원 경남 국내산 햇 흙당근, 흙당근10kg(중), 1박스39,990원2%할인(9,999+)무료배송파머스넷 세척 무농약 꿀고구마 정품, 10kg 한입 (60g이하), 1개33,180원52%할인(3,497)무료배송경북 청송 빨간사과 꿀사과 3kg 5kg 가정용 부사, 1박스, 5kg(대과)39,900원(8)무료배송프리미엄 정품 엔비 정품 엔비 꿀사과, 1박스, 3kg31,800원39%할인(56)무료배송[꿀당도]과즙이 팡팡터지는 당도선별 새콤달콤 감홍사과, 1개, 중대과10kg133,800원(65)무료배송우진이네 사과 경북 청송 가정용 꿀사과 못난이사과 ( 소과 혼합), 1박스, 3KG(소과)25,500원(73)무료배송[20birx] 고당도보장 특품 대봉감 홍시 탱탱한 하동 지리산 홍시 장인이 키운 대봉감, 대봉시 특대 5kg, 1개26,210원62%할인(1,172)무료배송산지직송 제주 유기농 감귤 귤 밀감 노지 5kg 10kg 고당도, 2) 제주 유기농 감귤 10kg, 1개44,900원2%할인(200)무료배송[푸릇앤팜] 감귤 서귀포산지직송 고당도감귤, 1박스, 로얄소과 5kg23,800원(5)무료배송(쿠팡특가) 장수사과 부사 5kg/10kg 과수농가직판, 20개, 5kg44,000원(17)무료배송(백프로 품질보증제) 밀양얼음골 사과 부사 초생재배, 3kg 15과 내외, 1개23,900원(683)무료배송[100% 환불보장] 경북 부사 사과 산지직송(정품), 1박스, 5kg(중대과)43,900원73%할인(134)무료배송고지대 GAP 13브릭스 고당도 중대과 250-300g 부사 사과 선물용 포장 3KG 5KG 특품, 1개, 3kg(10~12과)25,900원(11) 상품문의 문의하기 구매한 상품의 취소/반품은 마이쿠팡 구매내역에서 신청 가능합니다. 상품문의 및 후기게시판을 통해 취소나 환불, 반품 등은 처리되지 않습니다. 가격, 판매자, 교환/환불 및 배송 등 해당 상품 자체와 관련 없는 문의는 고객센터 내 1:1 문의하기를 이용해주세요. \"해당 상품 자체\"와 관계없는 글, 양도, 광고성, 욕설, 비방, 도배 등의 글은 예고 없이 이동, 노출제한, 삭제 등의 조치가 취해질 수 있습니다. 공개 게시판이므로 전화번호, 메일 주소 등 고객님의 소중한 개인정보는 절대 남기지 말아주세요. 질문 가정용 한입사과 2kg | 1개 푸드스토리 정말최악이네요 평이좋아시킨건데 사과를이렇게 누가 문것처럼 보이네요 전화도 드리고 문자로사진도보내드렷는데 왜열락이없으시나요? 반품시켜주세요 2024/10/26 13:57:47 답변 푸드스토리 불편을 드려 죄송합니다 평일 근무 시간내 고객 문의 및 문자에 대해 순차적 회신 드리고 있음을 양해구하고자 합니다 택배 이동 시 파손이 있었던 것으로 부분환불 처리 진행은 어떠실까요 계좌 정보 주시면 처리 진행 도와드리고 있습니다 2024/10/28 10:22:43 질문 가정용 한입사과 2kg | 1개 푸드스토리 믿고 주문결제 했습니다. 신선하고 맛있는 상품으로 잘 검수해서 보내주세요~^^ 2024/10/21 19:33:42 답변 푸드스토리 주문해주셔서 감사합니다 고객님의 당부하시는 그 마음 잘 알고 있습니다 판매자로서 신뢰가 가장 중요하기에 그 무엇보다 꼬옥 만족시켜 드리고 싶은 그 마음이 큽니다 선별 잘해서 좋은 상품으로 찾아뵐 수 있도록 최선을 다하겠습니다 ♥ 2024/10/22 10:41:10 질문 소과 2kg | 1개 푸드스토리 홍옥사과 맏나요? 2024/10/15 11:55:49 답변 푸드스토리 관심을 가져 주셔서 감사합니다 산지 상황에 따라 햇 빨간 사과 홍로 부사 등 품종이 발송될 수 있음을 안내 드리고자 합니다 선별 잘해서 좋은 상품으로 찾아뵐 수 있도록 최선을 다하겠습니 2024/10/15 13:19:49 질문 가정용 한입사과 2kg | 1개 푸드스토리 상태가 엉망이네요 찌글찌글한것도 있고 다 가져가시고 반품해주세요 2024/05/22 09:15:30 답변 푸드스토리 고객명 주문번호 연동이 되지 않아 확인이 어렵습니다 고객님 죄송합니다 주문번호와 상품의 사진을 부탁드리고자 합니다 생물로 확인 후 처리 될 수 있는 점 양해 부탁드립니다 2024/05/22 11:51:36 전체보기 판매 부적격 상품 또는 허위과장광고 및 지식재산권을 침해하는 상품의 경우 신고하여 주시기 바랍니다. 신고하기 배송정보 배송방법 신선/냉장/냉동 배송비 무료배송- 도서산간 지역 배송불가 배송사 롯데택배 묶음배송 여부 불가능 배송기간 교환/반품 안내 ㆍ교환/반품에 관한 일반적인 사항은 판매자가 제시사항보다 관계법령이 우선합니다. 다만, 판매자의 제시사항이 관계법령보다 소비자에게 유리한 경우에는 판매자 제시사항이 적용됩니다. 교환/반품 비용(왕복비용) 7,000원- 단, 고객 변심의 경우에만 발생- 도서산간 지역 배송불가 교환/반품 신청 기준일 ㆍ단순변심에 의한 교환/반품은 제품 수령 후 7일 이내까지, 교환/반품 제한사항에 해당하지 않는 경우에만 가능 (배송비용과 교환/반품 비용 왕복배송비 고객부담) ㆍ상품의 내용이 표시·광고의 내용과 다른 경우에는 상품을 수령한 날부터 3개월 이내, 그 사실을 안 날 또는 알 수 있었던 날부터 30일 이내에 청약철회 가능 교환/반품 제한사항 ㆍ주문/제작 상품의 경우, 상품의 제작이 이미 진행된 경우 ㆍ상품 포장을 개봉하여 사용 또는 설치 완료되어 상품의 가치가 훼손된 경우 (단, 내용 확인을 위한 포장 개봉의 경우는 예외) ㆍ고객의 사용, 시간경과, 일부 소비에 의하여 상품의 가치가 현저히 감소한 경우 ㆍ세트상품 일부 사용, 구성품을 분실하였거나 취급 부주의로 인한 파손/고장/오염으로 재판매 불가한 경우 ㆍ모니터 해상도의 차이로 인해 색상이나 이미지가 실제와 달라, 고객이 단순 변심으로 교환/반품을 무료로 요청하는 경우 ㆍ제조사의 사정 (신모델 출시 등) 및 부품 가격 변동 등에 의해 무료 교환/반품으로 요청하는 경우 ※ 각 상품별로 아래와 같은 사유로 취소/반품이 제한될 수 있습니다. 의류/잡화/수입명품 ⋅ 상품의 택(TAG) 및 라벨의 멸실 또는 훼손, 상품의 사용 또는 훼손, 구성품 누락으로 상품의 가치가 현저히 감소된 경우 계절상품/식품/화장품 ㆍ신선/냉장/냉동 상품의 단순변심의 경우 ㆍ뷰티 상품 이용 시 트러블(알러지, 붉은 반점, 가려움, 따가움)이 발생하는 경우, 진료 확인서 및 소견서 등을 증빙하면 환불이 가능 (제반비용 고객부담) 전자/가전/설치상품 ㆍ설치 또는 사용하여 재판매가 어려운 경우 ㆍ상품의 시리얼 넘버 유출로 내장된 소프트웨어의 가치가 감소한 경우 (내비게이션, OS시리얼이 적힌 PMP) ㆍ홀로그램 등을 분리, 분실, 훼손하여 상품의 가치가 현저히 감소하여 재판매가 불가할 경우 (노트북, 데스크탑 PC 등) 자동차용품 ㆍ상품을 개봉하여 장착한 이후 단순변심인 경우 CD/DVD/GAME/BOOK ㆍ복제가 가능한 상품의 포장 등을 훼손한 경우 판매자 정보 상호/대표자 푸드스토리 / 유수종 사업장 소재지 경상북도 영주시 봉현면 소백로 832-21 푸드스토리 e-mail shexw4@naver.com 연락처 010-7222-7414 통신판매업 신고번호 2022-경북영주-0202 사업자번호 478-50-00760 구매안전 서비스 02-006-00042 서비스 가입사실 확인 > 본 판매자는 고객님의 안전거래를 위해 관련 법률에 의거하여 쿠팡페이의 구매안전서비스를 적용하고 있습니다. 미성년자가 체결한 계약은 법정대리인이 동의하지 않는 경우 본인 또는 법정대리인이 취소할 수 있습니다. 쿠팡은 통신판매중개자로서 통신판매의 당사자가 아니며, 광고, 고시정보, 상품 주문, 배송 및 환불의 의무와 책임은 각 판매자에 있습니다. 다른 고객이 함께 구매한 상품 못난이 사과, 1.5kg(소과, 8~10입), 1팩 8,490원 (100g당 566원) 90% (5,859) 가족 작아도 맛있는 미니사과, 1.5kg(8~10입), 1봉 10,990원 (100g당 733원) 90% (10,727) 하이프루츠 당도선별 의성 세척사과, 2kg(소과, 10~12입), 1개 15,860원 (100g당 793원) 90% (29,404) 곰곰 세척 사과, 2kg(소과), 1개 17,980원 (100g당 899원) 90% (162,592) 영주마실 빨간사과 못난이 가정용, 4.5kg(소과, 26~30입), 1박스 20,090원 (100g당 446원) 90% (1,848) 완숙 토마토, 1kg, 1팩 7,590원 (100g당 759원) 90% (63,505) 곰곰 농협 문경사과, 1.5kg(중과), 1봉 11,420원 (100g당 761원) 90% (10,329) 프레샤인 GAP 인증 충주 못난이사과, 3kg, 1개 13,190원 (100g당 440원) 90% (65,008) 곰곰 방울토마토, 500g, 1팩 6,880원 (100g당 1,376원) 90% (30,719) 고산지 재배 당도선별 사과 중과, 1.5kg, 1봉 14,390원 (100g당 959원) 90% (88,425) 곰곰 대추방울토마토, 1kg, 1개 11,740원 (100g당 1,174원) 90% (309,082) 세도농협 GAP 인증 대추방울토마토, 1kg, 1박스 12,930원 (100g당 1,293원) 90% (226,952) 김해 진영 단감, 800g, 1개 4,090원 (100g당 511원) 90% (6,378) 셀렉트팜 GAP 인증 A 사과, 1kg(소과, 6입), 1팩 8,190원 (100g당 819원) 90% (12,707) 스윗토 스테비아 대추방울토마토, 450g, 1팩 6,470원 (100g당 1,438원) 90% (207,563) 연관 추천 상품 광고 쿠팡으로부터 광고 서비스를 구매한 제휴업체의 판매상품입니다. 새콤달콤 맛있는 빨간 햇 사과, 4.5kg, 1개 31,400원 (100g당 698원) 80% (2,987) 푸드마실 껍질째먹는 경북 청송 안동 꿀사과, 사과 2kg(10~13과), 1개 13,900원 (100g당 695원) 60% (875) 첫 출하 빨간 가정용 햇 사과 4.5KG (무조건 발송), (20~30과)소과, 1개 30,700원 (100g당 682원) 70% (31,889) 안동 청송 프리미엄 햇 사과 가정용, 1개, 9kg 53,900원 (100g당 599원) 70% (2,362) 과즙 팡팡 경북 부사 사과 5kg, 1개, 5kg 소과 29,820원 (100g당 596원) 70% (178) 스윗쿡 과일앤 저탄소인증 홍로 부사 사과 정품, 당도선별 사과 10kg 대과, 1개 96,800원 (100g당 968원) 80% (62) [돌마리상회] 사과 부사 경북사과, 1박스, (실속형) 중소과/중과 3kg 21,800원 (100g당 727원) 햇 빨간 가정용 한입 사과 4.5KG (당일발송), 1개, 정품 소과 사과 (24~30과) 32,850원 (100g당 730원) 80% (17,491) 당도보장 꿀이가득 껍질째먹는 안동 청송 가정용 꿀사과, 1개, 9kg 77,150원 (100g당 857원) 70% (1,301) 껍질째먹는 훈이네 경북 청송 가정용 선물용 꿀사과, 혼합5KG, 1개 39,900원 (100g당 798원) 90% (17,646) 아삭한 고당도 꿀맛 가정용 홍로 흠과 부사 미시마 햇 사과(중과) 2kg 4kg, 1박스, 가정용사과 2kg(8-14과) 26,500원 (100g당 1,325원) 70% (102) 햇빛농원 밀양얼음골사과 햇부사 산지직송, 1박스, 5kg (흠과 꼬마), 25~30과 45,900원 70% (116) 따봉프레시 못생겨도 맛있는 가정용 안동 청송 꿀사과, 1개, 9kg 53,900원 (100g당 599원) 70% (3,159) 건강을 담은 장군이네 가정용 꿀사과 흠과, 1개, 혼합 10kg 75,900원 (100g당 759원) 100% (1,891) 우진이네 사과 경북 청송 가정용 꿀사과 못난이사과 ( 소과 혼합), 1박스, 5KG(소과) 37,500원 (100g당 750원) 100% (73) 새콤달콤 꿀당도 시나노골드 황금사과 가정용(소과), 1박스, 시나노골드 3kg 27,900원 (100g당 930원) 80% (29) 수분가득한 제주구좌 경남 강원 햇 흙당근, 1개, 당근 2kg 상 19,800원 (100g당 990원) 80% (1,218) 올해 첫 수확 빨간 햇 사과, 한입사과 4.5KG, 1개 28,900원 (100g당 578원) 80% (4,482) 해남 다모 꿀고구마, 3kg (한입), 1개 10,960원 (100g당 365원) 80% (12,697) 프리미엄 고당도 루비에스 미니사과 알프스오토메, 1개, 루비에스 미니사과 1kg (12-22과 내외) 16,840원 (100g당 1,684원) 80% (12) 전세계 핫딜 로켓직구 글로벌특가 1 /3 특가진행중 타니다키비단고 수수경단 우유맛, 1개, 98g 와우할인가 30% 7,080 4,950원 (10g 505원) 90% (12) 1 % 남음 특가진행중 베스트네츄럴스 D-리보스 퓨어 파우더, 1개, 454g 와우할인가 19% 27,760 22,480원 (10g 495원) 100% (1) 1 % 남음 특가진행중 마누카헬스 뉴질랜드 로우 마누카 허니 MGO 573+ UMF 16+, 250g, 1개 와우할인가 53% 90,600 42,000원 (100g 16,800원) 무료배송 100% (1,094) 1 % 남음 특가진행중 마가리타빌 마가리타 믹스, 1L, 1개 와우할인가 31% 19,190 13,080원 (100ml 1,308원) 90% (49) 1 % 남음 특가진행중 Tukunaka 소프트 관자 훈제 오일 절임, 1개, 60g 와우할인가 29% 12,800 9,080원 (10g 1,513원) 1 % 남음 특가진행중 밥스레드밀 홀 치아 씨드, 340g, 2개 와우할인가 22% 26,570 20,660원 (100g 3,038원) 100% (612) 1 % 남음 특가진행중 바쇼도 와라비모찌 키나코, 3개, 100g 와우할인가 25% 16,130 12,090원 (10g 403원) 90% (14) 1 % 남음 특가진행중 콤비타 마누카 허니 UMF20+, 250g, 1개 와우할인가 24% 146,940 111,600원 (100g 44,640원) 무료배송 100% (1) 47 % 남음 특가진행중 미라쿠노리 윈터 프루트 찹쌀떡 딸기 + 유자 사과 키위, 1개, 240g 와우할인가 41% 8,090 4,770원 (10g 199원) 무료배송 100% (1) 87 % 남음 특가진행중 밥스레드밀 씩 롤드 오트, 907g, 4개 와우할인가 19% 44,210 35,460원 (100g 977원) 무료배송 100% (1,997) 1 % 남음 특가진행중 마카다미아스오스트레일리아 해피 넛 바닐라 마카다미아, 225g, 20개 와우할인가 14% 134,710 115,000원 (10g 256원) 무료배송 90% (132) 95 % 남음 특가진행중 Tukunaka 소프트 관자, 10개, 28g 와우할인가 34% 49,710 32,800원 (10g 1,171원) 무료배송 1 % 남음 특가진행중 마누카헬스 뉴질랜드 로우 마누카 허니 MGO 263+ UMF 10+, 500g, 1개 와우할인가 24% 51,540 38,970원 (100g 7,794원) 무료배송 100% (788) 1 % 남음 특가진행중 콤비타 마누카 허니 UMF5+, 1kg, 1개 와우할인가 17% 64,070 53,000원 (100g 5,300원) 무료배송 100% (157) 15 % 남음 특가진행중 소켄샤 율무, 1개, 220g 와우할인가 17% 11,190 9,280원 (100g 4,218원) 1 % 남음 특가진행중 콤비타 마누카 허니 UMF10+, 250g, 1개 와우할인가 25% 46,150 34,330원 (100g 13,732원) 무료배송 90% (157) 86 % 남음 특가진행중 얼스바운티 타히티안 노니 주스, 946ml, 2개 와우할인가 22% 62,490 48,740원 (100ml 2,576원) 무료배송 90% (216) 1 % 남음 특가진행중 Bee2 Honey 마누카 허니 스트로우 선물 세트 Mgo300+, 1개, 360g 와우할인가 30% 48,530 33,970원 (100g 9,436원) 무료배송 100% (49) 1 % 남음 고르고 골랐어요광고51%31,889첫 출하 빨간 가정용 햇 사과 4.5KG (무조건 발송), (20~30과)소과, 1개알아보기 재시도 판매자 평가 푸드스토리 65% 1,946건의 평가 이 판매자가 제공하는 전체적인 서비스에 대한 고객의 만족도입니다.(배송, 포장, 고객응대, 가격, 유통기한 등) 최저가 보상 서비스 안내 옵션 선택 가정용 한입사과 2kg × 1개 36,490원 (100g당 811원) 쿠폰할인가 · 무료배송 금요일 12/13 도착 예정 (판매자배송) 소과 2kg × 1개 31,900원 (100g당 1,595원) 쿠폰할인가 · 무료배송 금요일 12/13 도착 예정 (판매자배송) 수량, 무게 등 판매 단위 대비 단위가격이 저렴한 상품을 보여줍니다. 배송비가 있는 상품은 이를 포함한 단위가격입니다. 상품 문의 상품정보 농산물 중량을(를) 선택하세요. 수량을(를) 선택하세요. 판매자 상품 옵션 선택하여 판매자를 선택해주세요. 문의내용 * 개인정보(주민번호, 연락처, 주소, 계좌번호, 카드번호 등)가 포함되지 않도록 유의해주세요. 확인 취소 팝업 닫기","images":[{"url":"http://thumbnail9.coupangcdn.com/thumbnails/remote/292x292ex/image/vendor_inventory/1b31/bc8b948afd56856cec12f2a1a8e17162a8b5842efe38f9b924e32644d586.jpg","alt":"백화점 납품농장 얼음골 부사 감홍 사과, 1박스, 가정용 5kg (14-16과)","classNames":["no-class"],"parentClassNames":["item-thumbnail"]},{"url":"https://image9.coupangcdn.com/image/mobile_app/v3/badges/thumbs_up/xxhdpi/ic_thumbsup_outline_black_buybox.png","alt":"icon","classNames":["seller-rating__icon"],"parentClassNames":["seller-rating","with-company"]},{"url":"https://img1a.coupangcdn.com/image/badges/cashback/web/simple-list-cash-icon@2x.png","classNames":["ico-cashback"],"parentClassNames":["cashback-item__amount"]},{"url":"https://static.coupangcdn.com/image/badges/member/wow.png","classNames":["ico-wow"],"parentClassNames":["cashback-item__info"]},{"url":"https://img1a.coupangcdn.com/image/badges/cashback/web/simple-list-cash-icon@2x.png","classNames":["ico-cashback"],"parentClassNames":["cashback-item__amount"]},{"url":"https://static.coupangcdn.com/image/badges/member/wow.png","classNames":["ico-wow"],"parentClassNames":["cashback-item__info"]},{"url":"https://img1a.coupangcdn.com/image/badges/cashback/web/simple-list-cash-icon@2x.png","classNames":["ico-cashback"],"parentClassNames":["cashback-item__amount"]},{"url":"https://image7.coupangcdn.com/image/coupang/common/payment/coupaymoney_color@4x.png","classNames":["no-class"],"parentClassNames":[]},{"url":"https://image10.coupangcdn.com/image/coupang/common/payment/card_color@4x.png","classNames":["no-class"],"parentClassNames":[]},{"url":"https://image8.coupangcdn.com/image/coupang/common/payment/bankbook_color@4x.png","classNames":["no-class"],"parentClassNames":[]},{"url":"http://image1.coupangcdn.com/image/vendor_inventory/2bb5/6c81c80e4117cad07be76a06aaa45b67e7eb41bffda2dff9453f9101044a.jpg","classNames":["no-class"],"parentClassNames":[]},{"url":"http://image1.coupangcdn.com/image/vendor_inventory/601a/dafb581736174fa79f5ed2f09e57ebff816c9f59a6052c43638af3da4df7.png","alt":"상품 상세 이미지입니다.","classNames":["no-class"],"parentClassNames":[]},{"url":"http://image1.coupangcdn.com/image/vendor_inventory/c0ce/e68043194c6629aa5609aafca4426adb8517f54845c5865136ed9aeb912b.png","alt":"상품 상세 이미지입니다.","classNames":["no-class"],"parentClassNames":[]},{"url":"http://image1.coupangcdn.com/image/vendor_inventory/f7d7/bf3166df342a78d6d1c23446da3c50e8ae3c3450be652139aa499fbd8cc4.jpg","classNames":["no-class"],"parentClassNames":[]},{"url":"http://image1.coupangcdn.com/image/vendor_inventory/e3ec/617864912acf488f0c51ad0e4a60efa380cf46d77d3cb22f5a3c66d01392.jpg","alt":"상품 상세 이미지입니다.","classNames":["no-class"],"parentClassNames":[]},{"url":"http://image1.coupangcdn.com/image/vendor_inventory/0b91/1db49ee234738e1d9efd0a4b50bf82456f5783d9a28cf19f9d76b491038a.jpg","alt":"상품 상세 이미지입니다.","classNames":["no-class"],"parentClassNames":[]},{"url":"http://image1.coupangcdn.com/image/vendor_inventory/57d8/dca1586ae10de4090d0ec837b7dad80a96fd05908e95e84fd678f38e379f.jpg","alt":"상품 상세 이미지입니다.","classNames":["no-class"],"parentClassNames":[]},{"url":"http://image1.coupangcdn.com/image/vendor_inventory/6e1b/acd74982898cee3b82a66206efb4ea9e6b509c1f1c37a58652f26169e86f.jpg","classNames":["no-class"],"parentClassNames":[]},{"url":"http://image1.coupangcdn.com/image/vendor_inventory/4dea/2a136e327ab75f4f806e3a804cf9412bc5921692abe3bd2fb26818679468.jpg","classNames":["no-class"],"parentClassNames":[]},{"url":"http://image1.coupangcdn.com/image/vendor_inventory/de94/515b7a66cb9ce1c591a006615d71b9bb6006d53b7c73466e9d729de85f44.jpg","alt":"상품 상세 이미지입니다.","classNames":["no-class"],"parentClassNames":[]},{"url":"http://image1.coupangcdn.com/image/vendor_inventory/7f90/2d0bb2c2eac1634994ae8e9ee5f340fa9a1a471f49cd9aa35f8602d665fd.jpg","alt":"상품 상세 이미지입니다.","classNames":["no-class"],"parentClassNames":[]},{"url":"http://image1.coupangcdn.com/image/vendor_inventory/bc5c/8e5b9b38c9f447394b86de68045749b796484c681ebcc15b2240c76f85bb.png","alt":"상품 상세 이미지입니다.","classNames":["no-class"],"parentClassNames":[]},{"url":"http://image1.coupangcdn.com/image/vendor_inventory/79d0/0144f69484f706a1a401f85256ca483c98ba2795659c5e538ffd1fd1a2b2.png","alt":"상품 상세 이미지입니다.","classNames":["no-class"],"parentClassNames":[]},{"url":"http://image1.coupangcdn.com/image/vendor_inventory/726c/8103674fed66e359178e0f3357d6fa51a5797ea526f38969e3c8bcd443f9.jpg","alt":"상품 상세 이미지입니다.","classNames":["no-class"],"parentClassNames":[]},{"url":"http://image1.coupangcdn.com/image/vendor_inventory/69db/c3090fd09eccdde600fb658df1a29c5141b659f4bf4eaadc84e919ed2143.jpg","alt":"상품 상세 이미지입니다.","classNames":["no-class"],"parentClassNames":[]},{"url":"http://image1.coupangcdn.com/image/vendor_inventory/6cd5/639246ca4e485cc25121251372007bc2a81a2d170aca05680ca040407d29.jpg","alt":"상품 상세 이미지입니다.","classNames":["no-class"],"parentClassNames":[]},{"url":"http://image1.coupangcdn.com/image/vendor_inventory/3e83/932940c007d30d6c60382d2ce27d94aaf9351073a449462dcbab9d9f83db.jpg","alt":"상품 상세 이미지입니다.","classNames":["no-class"],"parentClassNames":[]},{"url":"http://image1.coupangcdn.com/image/vendor_inventory/70e1/35f9b1a03204efbd882546bee14075b4414525d64e7eb09c38d0e0dbdb6f.png","alt":"상품 상세 이미지입니다.","classNames":["no-class"],"parentClassNames":[]},{"url":"https://image7.coupangcdn.com/image/mobile_app/v3/brandsdp/loyalty/pc/rocket-fresh@2x.png","classNames":["rl-item__badge"],"parentClassNames":["clearFix"]},{"url":"https://image7.coupangcdn.com/image/mobile_app/v3/brandsdp/loyalty/pc/rocket-fresh@2x.png","classNames":["rl-item__badge"],"parentClassNames":["clearFix"]},{"url":"https://image7.coupangcdn.com/image/mobile_app/v3/brandsdp/loyalty/pc/rocket-fresh@2x.png","classNames":["rl-item__badge"],"parentClassNames":["clearFix"]},{"url":"https://image7.coupangcdn.com/image/mobile_app/v3/brandsdp/loyalty/pc/rocket-fresh@2x.png","classNames":["rl-item__badge"],"parentClassNames":["clearFix"]},{"url":"https://image7.coupangcdn.com/image/mobile_app/v3/brandsdp/loyalty/pc/rocket-fresh@2x.png","classNames":["rl-item__badge"],"parentClassNames":["clearFix"]},{"url":"https://image7.coupangcdn.com/image/mobile_app/v3/brandsdp/loyalty/pc/rocket-fresh@2x.png","classNames":["rl-item__badge"],"parentClassNames":["clearFix"]},{"url":"https://image7.coupangcdn.com/image/mobile_app/v3/brandsdp/loyalty/pc/rocket-fresh@2x.png","classNames":["rl-item__badge"],"parentClassNames":["clearFix"]},{"url":"https://image7.coupangcdn.com/image/mobile_app/v3/brandsdp/loyalty/pc/rocket-fresh@2x.png","classNames":["rl-item__badge"],"parentClassNames":["clearFix"]},{"url":"https://image7.coupangcdn.com/image/mobile_app/v3/brandsdp/loyalty/pc/rocket-fresh@2x.png","classNames":["rl-item__badge"],"parentClassNames":["clearFix"]},{"url":"https://image7.coupangcdn.com/image/mobile_app/v3/brandsdp/loyalty/pc/rocket-fresh@2x.png","classNames":["rl-item__badge"],"parentClassNames":["clearFix"]},{"url":"https://image7.coupangcdn.com/image/mobile_app/v3/brandsdp/loyalty/pc/rocket-fresh@2x.png","classNames":["rl-item__badge"],"parentClassNames":["clearFix"]},{"url":"https://image7.coupangcdn.com/image/mobile_app/v3/brandsdp/loyalty/pc/rocket-fresh@2x.png","classNames":["rl-item__badge"],"parentClassNames":["clearFix"]},{"url":"https://image7.coupangcdn.com/image/mobile_app/v3/brandsdp/loyalty/pc/rocket-fresh@2x.png","classNames":["rl-item__badge"],"parentClassNames":["clearFix"]},{"url":"https://image7.coupangcdn.com/image/mobile_app/v3/brandsdp/loyalty/pc/rocket-fresh@2x.png","classNames":["rl-item__badge"],"parentClassNames":["clearFix"]},{"url":"https://image7.coupangcdn.com/image/mobile_app/v3/brandsdp/loyalty/pc/rocket-fresh@2x.png","classNames":["rl-item__badge"],"parentClassNames":["clearFix"]},{"url":"https://image6.coupangcdn.com/image/delivery_badge/default/pc/global_b/global_b.png","classNames":["jikgu-badge"],"parentClassNames":["promotion-item-price-contain"]},{"url":"https://image6.coupangcdn.com/image/delivery_badge/default/pc/global_b/global_b.png","classNames":["jikgu-badge"],"parentClassNames":["promotion-item-price-contain"]},{"url":"https://image6.coupangcdn.com/image/delivery_badge/default/pc/global_b/global_b.png","classNames":["jikgu-badge"],"parentClassNames":["promotion-item-price-contain"]},{"url":"https://image6.coupangcdn.com/image/delivery_badge/default/pc/global_b/global_b.png","classNames":["jikgu-badge"],"parentClassNames":["promotion-item-price-contain"]},{"url":"https://image6.coupangcdn.com/image/delivery_badge/default/pc/global_b/global_b.png","classNames":["jikgu-badge"],"parentClassNames":["promotion-item-price-contain"]},{"url":"https://image6.coupangcdn.com/image/delivery_badge/default/pc/global_b/global_b.png","classNames":["jikgu-badge"],"parentClassNames":["promotion-item-price-contain"]},{"url":"https://image6.coupangcdn.com/image/delivery_badge/default/pc/global_b/global_b.png","classNames":["jikgu-badge"],"parentClassNames":["promotion-item-price-contain"]},{"url":"https://image6.coupangcdn.com/image/delivery_badge/default/pc/global_b/global_b.png","classNames":["jikgu-badge"],"parentClassNames":["promotion-item-price-contain"]},{"url":"https://image6.coupangcdn.com/image/delivery_badge/default/pc/global_b/global_b.png","classNames":["jikgu-badge"],"parentClassNames":["promotion-item-price-contain"]},{"url":"https://image6.coupangcdn.com/image/delivery_badge/default/pc/global_b/global_b.png","classNames":["jikgu-badge"],"parentClassNames":["promotion-item-price-contain"]},{"url":"https://image6.coupangcdn.com/image/delivery_badge/default/pc/global_b/global_b.png","classNames":["jikgu-badge"],"parentClassNames":["promotion-item-price-contain"]},{"url":"https://image6.coupangcdn.com/image/delivery_badge/default/pc/global_b/global_b.png","classNames":["jikgu-badge"],"parentClassNames":["promotion-item-price-contain"]},{"url":"https://image6.coupangcdn.com/image/delivery_badge/default/pc/global_b/global_b.png","classNames":["jikgu-badge"],"parentClassNames":["promotion-item-price-contain"]},{"url":"https://image6.coupangcdn.com/image/delivery_badge/default/pc/global_b/global_b.png","classNames":["jikgu-badge"],"parentClassNames":["promotion-item-price-contain"]},{"url":"https://image6.coupangcdn.com/image/delivery_badge/default/pc/global_b/global_b.png","classNames":["jikgu-badge"],"parentClassNames":["promotion-item-price-contain"]},{"url":"https://image6.coupangcdn.com/image/delivery_badge/default/pc/global_b/global_b.png","classNames":["jikgu-badge"],"parentClassNames":["promotion-item-price-contain"]},{"url":"https://image6.coupangcdn.com/image/delivery_badge/default/pc/global_b/global_b.png","classNames":["jikgu-badge"],"parentClassNames":["promotion-item-price-contain"]},{"url":"https://image6.coupangcdn.com/image/delivery_badge/default/pc/global_b/global_b.png","classNames":["jikgu-badge"],"parentClassNames":["promotion-item-price-contain"]},{"url":"http://thumbnail10.coupangcdn.com/thumbnails/remote/292x292ex/image/vendor_inventory/943f/d4137c3c32fb52945711b9e5cb87082db654bab55bd35e4a5272b5ad0cad.jpg","alt":"첫 출하 빨간 가정용 햇 사과 4.5KG (무조건 발송), (20~30과)소과, 1개","classNames":["no-class"],"parentClassNames":["item-thumbnail"]},{"url":"https://image10.coupangcdn.com/image/coupang/rds/icon/xxhdpi/ic_seller_outline.png","classNames":["no-class"],"parentClassNames":[]},{"url":"https://image9.coupangcdn.com/image/mobile_app/v3/badges/thumbs_up/xxhdpi/ic_thumbsup_outline_black_buybox.png","alt":"icon","classNames":["no-class"],"parentClassNames":["seller-rating__popup__body__score__info"]}],"metadata":{"title":"올해 첫 수확 빨간 햇 사과, 가정용 한입사과 2..., 1개 - 사과 | 쿠팡","description":"쿠팡에서 3.8 구매하고 더 많은 혜택을 받으세요! 지금 할인중인 다른 1445 제품도 바로 쿠팡에서 확인할 수 있습니다.","google-site-verification":"zaNrGtrOLMjglkziY2IvmL8dOXyCWHGArDHqFazJQVI","og:title":"올해 첫 수확 빨간 햇 사과, 가정용 한입사과 2..., 1개 - 사과 | 쿠팡","og:description":"쿠팡에서 3.8 구매하고 더 많은 혜택을 받으세요! 지금 할인중인 다른 1445 제품도 바로 쿠팡에서 확인할 수 있습니다.","og:url":"https://www.coupang.com/vp/products/8246353393?vendorItemId=86646022701","og:image":"//thumbnail9.coupangcdn.com/thumbnails/remote/1500x1500ex/image/vendor_inventory/cb23/e52319408af1ee349da788ec09ca6d92ff7bd70a3b99fa287c599037efee.jpg","og:image:width":"492","og:image:height":"492","og:type":"website","og:locale":"ko_KR","og:site_name":"쿠팡"},"paginationGroups":[{"identifier":["contents-contents-product-contents-responsive"],"pages":[{"url":"https://www.coupang.com/vp/products/8246353393?vendorItemId=86646022701&sourceType=HOME_GW_PROMOTION&searchId=feed-f214edf3bd3b481aabe1ba244d82887a-gw_promotion&isAddedCart=","classNames":["price-badge-list","price-badge-margin"],"data":[{"text":"","images":[]},{"text":"가정용 한입사과 2kg × 1개 36,490원 쿠폰할인가 100g당 811원 (최저 단위가) 소과 2kg × 1개 31,900원 쿠폰할인가 100g당 1,595원","images":[]},{"text":"모든 옵션 보기","images":[]},{"text":"가정용 한입사과 2kg × 1개 36,490원 쿠폰할인가 100g당 811원 (최저 단위가)","images":[]},{"text":"소과 2kg × 1개 31,900원 쿠폰할인가 100g당 1,595원","images":[]},{"text":"","images":[]},{"text":"가정용 한입사과 2kg × 1개 36,490원 쿠폰할인가 100g당 811원 (최저 단위가)","images":[]},{"text":"가정용 한입사과 2kg × 1개","images":[]},{"text":"36,490원 쿠폰할인가","images":[]},{"text":"100g당 811원 (최저 단위가)","images":[]},{"text":"쿠폰할인가","images":[]},{"text":"(최저 단위가)","images":[]},{"text":"","images":[]},{"text":"소과 2kg × 1개 31,900원 쿠폰할인가 100g당 1,595원","images":[]},{"text":"소과 2kg × 1개","images":[]},{"text":"31,900원 쿠폰할인가","images":[]},{"text":"100g당 1,595원","images":[]},{"text":"쿠폰할인가","images":[]},{"text":"모든 옵션 보기","images":[]},{"text":"","images":[]},{"text":"쿠페이 머니 결제 시 1% (월 최대 1만원) 109원","images":[{"url":"https://img1a.coupangcdn.com/image/badges/cashback/web/simple-list-cash-icon@2x.png","classNames":["ico-cashback"],"parentClassNames":["cashback-item__amount"]}]},{"text":"와우 멤버십 + 쿠페이 계좌이체 결제 시 2% (첫 30일 동안, 월 최대 2만원) 218원","images":[{"url":"https://static.coupangcdn.com/image/badges/member/wow.png","classNames":["ico-wow"],"parentClassNames":["cashback-item__info"]},{"url":"https://img1a.coupangcdn.com/image/badges/cashback/web/simple-list-cash-icon@2x.png","classNames":["ico-cashback"],"parentClassNames":["cashback-item__amount"]}]},{"text":"와우 멤버십 + 쿠페이 머니 결제 시 추가 4% (첫 30일 동안, 월 최대 4만원) 436원","images":[{"url":"https://static.coupangcdn.com/image/badges/member/wow.png","classNames":["ico-wow"],"parentClassNames":["cashback-item__info"]},{"url":"https://img1a.coupangcdn.com/image/badges/cashback/web/simple-list-cash-icon@2x.png","classNames":["ico-cashback"],"parentClassNames":["cashback-item__amount"]}]},{"text":"36,490원 (100g당 811원) 쿠폰할인가 10,900원 (100g당 242원) 와우할인가","images":[]},{"text":"36,490원 (100g당 811원) 쿠폰할인가 10,900원 (100g당 242원) 와우할인가","images":[]},{"text":"진품인증 받은 해남고구마, 꿀고구마 10kg 긴중상(60g~120g), 1개 47,000원 (100g당 470원) 80% (61,626) [명품농원] 당도선별 문경 사과 5kg 선물세트, 1개, 03. 명품농원 중과 5kg(17~19과)-선물용 60,000원 (100g당 1,200원) 100% (435) 당도 좋은 빨간사과 흠과 4kg 실중량, 1박스 14,300원 (100g당 358원) 70% (342) 푸드마실 껍질째먹는 경북 청송 안동 꿀사과, 사과 2kg(10~13과), 1개 13,900원 (100g당 695원) 60% (875) 포슬포슬 분감자 두백감자 강원도 햇감자 3kg 5kg 10kg, 1박스, 두백감자 [왕특] 2kg, 왕특 11,900원 (100g당 397원) 80% (740) 당도보장 꿀이가득 껍질째먹는 안동 청송 가정용 꿀사과, 1개, 9kg 77,150원 (100g당 857원) 70% (1,301) 껍질째먹는 훈이네 경북 청송 가정용 선물용 꿀사과, 혼합10KG, 1개 77,900원 (100g당 779원) 90% (17,646) 해발600m 고랭지 꿀 햇사과, 5kg (흠집 혼합크기 20과 내외), 1박스 34,910원 (100g당 13,964원) 80% (675) [명품농원] 당도선별 문경 사과 5kg 선물세트, 1박스, 01. 명품농원 대과 5kg(14~16과)-선물용 70,000원 (100g당 1,400원) 100% (531) 껍찔째 먹는 천연과즙 팡팡 안동 청송 가정용 꿀사과, 1개, 4.5kg내외 29,800원 (100g당 662원) 70% (695) 제주도 감귤 귤 10kg 제주 조생 노지귤 노지감귤 고당도 5kg 3kg 극조생, 1개, 3kg(중소) 17,900원 (100g당 597원) 80% (133) [제주놀멍] 햇 노지 감귤 고당도 밀감 하우스 가정용 3kg 5kg 10kg, 귤 3kg L-2L, 1개 19,900원 (100g당 663원) 80% (170) 오늘출발 고당도 제주 특산품 귤, 1박스, 9kg(대과귤돼지) 38,400원 (100g당 427원) 100% (5,980) 첫 출하 빨간 가정용 햇 사과 4.5KG (무조건 발송), (20~30과)소과, 1개 30,700원 (100g당 682원) 70% (31,889) 안동 청송 프리미엄 햇 사과 가성비 좋은 가정용, 1개, 3.5kg 27,800원 (100g당 794원) 70% (2,362) 건강을 담은 장군이네 가정용 꿀사과 흠과, 1개, 혼합 5kg 38,900원 (100g당 778원) 100% (1,891) 경북 꿀 사과 (가정용 쥬스용 쭈글이 흠집 기스 비품 못난이) 10kg, 10kg(대과), 1개 31,900원 (100g당 319원) 70% (789) 새콤달콤 맛있는 빨간 햇 사과, 4.5kg, 1개 31,400원 (100g당 698원) 80% (2,987) A급주스용 가성비 흠집 못난이 가정용 2024년도 햇 사과 5kg, 1개 29,900원 (100g당 598원) 70% (48) [푸릇앤팜] 문경 청송 얼음골사과 꿀사과, 1박스, 가정용 A 3kg (kg당 5과내외) 20,800원 (100g당 693원) 80% (32) [오늘아침사과] 껍질째먹는 세척사과, 3kg (17과), 1개 22,900원 (100g당 763원) 80% (361) 우진이네 사과 경북 청송 가정용 꿀사과 못난이사과 ( 소과 혼합), 1박스, 3KG(혼합) 25,900원 (100g당 863원) 100% (73) 한정특가 주스용 가정용 사과 5kg~10kg, 1개, 가정용부사 9kg간식(40-49) 38,000원 (100g당 422원) 80% (422) [꿀당도]과즙이 팡팡터지는 당도선별 새콤달콤 감홍사과, 1개, 가정용3kg 38,800원 (100g당 1,293원) 80% (65) 사과맛집 당도보장 꿀맛 간편아침 세척사과 중소과, 1개, 2kg(8~10입) 20,700원 (100g당 1,035원) 80% (14) 스윗쿡 과일앤 저탄소인증 홍로 부사 사과 정품, 당도선별 사과 2kg 꼬마사과, 1개 36,900원 (100g당 1,845원) 80% (62) 꿀품 가정용 사과 꿀사과, 1개, 5kg 소과(28-33과) 25,900원 (100g당 518원) 80% (1,676) 효성팜 껍질째 먹는 세척 사과 부사 개별 포장 봉지 씻어나온 씻은, 1박스, 5kg (31-35과/꼬마) 16,900원 (100g당 338원) 100% (2) 햇 부사 사과, 1개, 중과 3kg 28,800원 (100g당 960원) 100% (4) [더싱싱] 껍질째 먹는 국내산 세척사과, 1개, 가정용 2kg(10-13과) 18,700원 (100g당 935원) 80% (39)","images":[]},{"text":"진품인증 받은 해남고구마, 꿀고구마 10kg 긴중상(60g~120g), 1개 47,000원 (100g당 470원) 80% (61,626) [명품농원] 당도선별 문경 사과 5kg 선물세트, 1개, 03. 명품농원 중과 5kg(17~19과)-선물용 60,000원 (100g당 1,200원) 100% (435) 당도 좋은 빨간사과 흠과 4kg 실중량, 1박스 14,300원 (100g당 358원) 70% (342) 푸드마실 껍질째먹는 경북 청송 안동 꿀사과, 사과 2kg(10~13과), 1개 13,900원 (100g당 695원) 60% (875) 포슬포슬 분감자 두백감자 강원도 햇감자 3kg 5kg 10kg, 1박스, 두백감자 [왕특] 2kg, 왕특 11,900원 (100g당 397원) 80% (740) 당도보장 꿀이가득 껍질째먹는 안동 청송 가정용 꿀사과, 1개, 9kg 77,150원 (100g당 857원) 70% (1,301) 껍질째먹는 훈이네 경북 청송 가정용 선물용 꿀사과, 혼합10KG, 1개 77,900원 (100g당 779원) 90% (17,646) 해발600m 고랭지 꿀 햇사과, 5kg (흠집 혼합크기 20과 내외), 1박스 34,910원 (100g당 13,964원) 80% (675) [명품농원] 당도선별 문경 사과 5kg 선물세트, 1박스, 01. 명품농원 대과 5kg(14~16과)-선물용 70,000원 (100g당 1,400원) 100% (531) 껍찔째 먹는 천연과즙 팡팡 안동 청송 가정용 꿀사과, 1개, 4.5kg내외 29,800원 (100g당 662원) 70% (695) 제주도 감귤 귤 10kg 제주 조생 노지귤 노지감귤 고당도 5kg 3kg 극조생, 1개, 3kg(중소) 17,900원 (100g당 597원) 80% (133) [제주놀멍] 햇 노지 감귤 고당도 밀감 하우스 가정용 3kg 5kg 10kg, 귤 3kg L-2L, 1개 19,900원 (100g당 663원) 80% (170) 오늘출발 고당도 제주 특산품 귤, 1박스, 9kg(대과귤돼지) 38,400원 (100g당 427원) 100% (5,980) 첫 출하 빨간 가정용 햇 사과 4.5KG (무조건 발송), (20~30과)소과, 1개 30,700원 (100g당 682원) 70% (31,889) 안동 청송 프리미엄 햇 사과 가성비 좋은 가정용, 1개, 3.5kg 27,800원 (100g당 794원) 70% (2,362) 건강을 담은 장군이네 가정용 꿀사과 흠과, 1개, 혼합 5kg 38,900원 (100g당 778원) 100% (1,891) 경북 꿀 사과 (가정용 쥬스용 쭈글이 흠집 기스 비품 못난이) 10kg, 10kg(대과), 1개 31,900원 (100g당 319원) 70% (789) 새콤달콤 맛있는 빨간 햇 사과, 4.5kg, 1개 31,400원 (100g당 698원) 80% (2,987) A급주스용 가성비 흠집 못난이 가정용 2024년도 햇 사과 5kg, 1개 29,900원 (100g당 598원) 70% (48) [푸릇앤팜] 문경 청송 얼음골사과 꿀사과, 1박스, 가정용 A 3kg (kg당 5과내외) 20,800원 (100g당 693원) 80% (32) [오늘아침사과] 껍질째먹는 세척사과, 3kg (17과), 1개 22,900원 (100g당 763원) 80% (361) 우진이네 사과 경북 청송 가정용 꿀사과 못난이사과 ( 소과 혼합), 1박스, 3KG(혼합) 25,900원 (100g당 863원) 100% (73) 한정특가 주스용 가정용 사과 5kg~10kg, 1개, 가정용부사 9kg간식(40-49) 38,000원 (100g당 422원) 80% (422) [꿀당도]과즙이 팡팡터지는 당도선별 새콤달콤 감홍사과, 1개, 가정용3kg 38,800원 (100g당 1,293원) 80% (65) 사과맛집 당도보장 꿀맛 간편아침 세척사과 중소과, 1개, 2kg(8~10입) 20,700원 (100g당 1,035원) 80% (14) 스윗쿡 과일앤 저탄소인증 홍로 부사 사과 정품, 당도선별 사과 2kg 꼬마사과, 1개 36,900원 (100g당 1,845원) 80% (62) 꿀품 가정용 사과 꿀사과, 1개, 5kg 소과(28-33과) 25,900원 (100g당 518원) 80% (1,676) 효성팜 껍질째 먹는 세척 사과 부사 개별 포장 봉지 씻어나온 씻은, 1박스, 5kg (31-35과/꼬마) 16,900원 (100g당 338원) 100% (2) 햇 부사 사과, 1개, 중과 3kg 28,800원 (100g당 960원) 100% (4) [더싱싱] 껍질째 먹는 국내산 세척사과, 1개, 가정용 2kg(10-13과) 18,700원 (100g당 935원) 80% (39)","images":[]},{"text":"특가진행중 로얄 16brix 초고당도 제주 감귤, 1박스, 4.5kg(L-2L) 와우할인가 53% 27,800 12,900원 (100g 287원) 12/13(금) 도착 예정 무료배송 80% (3,885) 80 % 남음","images":[]},{"text":"특가진행중 아삭아삭 경북 부사 2kg 외 개별포장 세척부사까지 과수별골라담기, 1박스, 세척사과 2kg (14과내외/실중량) 와우할인가 64% 27,900 9,810원 (100g 491원) 12/13(금) 도착 예정 무료배송 80% (167) 35 % 남음","images":[]},{"text":"특가진행중 새콤달콤 국내산 햇 빨간 사과 정품 가정용, 1박스, 가정용 / 4kg / 중과 와우할인가 46% 24,900 13,410원 (100g 168원) 12/13(금) 도착 예정 무료배송 70% (21) 93 % 남음","images":[]},{"text":"특가진행중 자연미가 손질절단특품 궁채나물 1.5kg /궁채 뚱채 황채 줄기상추 냉장, 1개 와우할인가 12% 13,000 11,340원 (100g 756원) 모레(목) 도착 예정 무료배송 90% (579) 99 % 남음","images":[]},{"text":"특가진행중 오늘출발 고당도 제주 특산품 귤, 1박스, 2.5kg(로얄귤돼지) 와우할인가 57% 35,900 15,400원 (100g 616원) 모레(목) 도착 예정 무료배송 100% (5,980) 44 % 남음","images":[]},{"text":"특가진행중 [오전8시 주문건 당일발송] 12브릭스 당도선별 세척사과 3kg (16~21입 소과), 1개 와우할인가 71% 91,460 26,090원 (100g 870원) 모레(목) 도착 예정 무료배송 80% (2,557) 63 % 남음","images":[]},{"text":"특가진행중 [압도적품질] 고당도 부사사과 특품 꿀사과, 1박스, 중과 1kg 와우할인가 55% 33,450 15,040원 (100g 1,504원) 12/13(금) 도착 예정 무료배송 90% (72) 98 % 남음","images":[]},{"text":"특가진행중 햇 당근 대 10kg 수입 세척당근, 수입 세척당근 대 10KG, 1개 와우할인가 3% 14,400 13,960원 (100g 140원) 모레(목) 도착 예정 무료배송 80% (39) 99 % 남음","images":[]},{"text":"특가진행중 제스프리 썬 골드키위 특대과 뉴질랜드산 정품, 1개, 2KG (14~15입) 와우할인가 51% 43,200 20,960원 (100g 1,048원) 모레(목) 도착 예정 무료배송 90% (622) 95 % 남음","images":[]},{"text":"특가진행중 [우연팜] 가정용 아침에 한입 사과 경북 부사 꿀사과 꼬마과 소과, 1박스, (부사사과 꼬마과) 2kg 와우할인가 54% 21,900 9,900원 (100g 495원) 12/13(금) 도착 예정 무료배송 80% (46) 33 % 남음","images":[]},{"text":"특가진행중 효성팜 빨간 사과 5kg 가정용 못난이 부사 사과, 1박스, 5kg (27-30과내외) 와우할인가 28% 19,900 14,310원 (100g 286원) 12/13(금) 도착 예정 무료배송 80% (138) 6 % 남음","images":[]},{"text":"특가진행중 로얄 16brix 초고당도 제주 감귤, 1박스, 1kg(2S-M) 와우할인가 44% 25,600 14,310원 (100g 1,431원) 12/13(금) 도착 예정 무료배송 80% (3,885) 99 % 남음","images":[]},{"text":"특가진행중 경북 청송 의성 안동 가정용 쥬스용 맛있는 사과, 3KG소과(19-20과), 1박스 와우할인가 46% 29,900 15,900원 모레(목) 도착 예정 무료배송 90% (447) 90 % 남음","images":[]},{"text":"특가진행중 껍질째먹는 햇사과 경북 청송 안동 산지직송 선물용 꿀사과, 사과 꼬마 2kg(14~16과), 1개 와우할인가 73% 49,000 12,900원 (100g 645원) 모레(목) 도착 예정 무료배송 70% (229) 74 % 남음","images":[]},{"text":"특가진행중 [정품인증] 꿀당도 엔비사과 팬시등급 가정용, 1박스, 중소과 1kg 와우할인가 59% 30,150 12,070원 (100g 1,207원) 12/13(금) 도착 예정 무료배송 70% (74) 95 % 남음","images":[]},{"text":"특가진행중 [사과농사32년] 팔도소문 산지직송 가정용 부사, 1개, 5kg 와우할인가 47% 47,800 24,930원 (100g 499원) 12/13(금) 도착 예정 무료배송 80% (150) 32 % 남음","images":[]},{"text":"특가진행중 제주직송 고당도 노지감귤 대과, 1박스, 10kg 와우할인가 58% 34,900 14,450원 (100g 145원) 12/13(금) 도착 예정 무료배송 90% (50) 68 % 남음","images":[]},{"text":"특가진행중 당도선별 제주 감귤, 1개, 10kg(가정용 2L-L 중대 실중량 9kg) 와우할인가 76% 49,900 11,900원 (100g 119원) 12/13(금) 도착 예정 무료배송 80% (301) 51 % 남음","images":[]},{"text":"특가진행중 껍질없는 녹두 대 깐녹두, 1kg, 1개 와우할인가 23% 12,900 9,920원 (100g 992원) 모레(목) 도착 예정 무료배송 90% (819) 56 % 남음","images":[]},{"text":"특가진행중 [입점특가] 쫀득한 상주 건시 곶감 가정용 대과, 500g, 1개 와우할인가 44% 25,900 14,310원 (10g 286원) 모레(목) 도착 예정 무료배송 90% (369) 34 % 남음","images":[]},{"text":"최고","images":[]},{"text":"좋음","images":[]},{"text":"보통","images":[]},{"text":"별로","images":[]},{"text":"나쁨","images":[]},{"text":"최고","images":[]},{"text":"","images":[]},{"text":"","images":[]},{"text":"","images":[]},{"text":"좋음","images":[]},{"text":"","images":[]},{"text":"","images":[]},{"text":"","images":[]},{"text":"보통","images":[]},{"text":"","images":[]},{"text":"","images":[]},{"text":"","images":[]},{"text":"별로","images":[]},{"text":"","images":[]},{"text":"","images":[]},{"text":"","images":[]},{"text":"나쁨","images":[]},{"text":"","images":[]},{"text":"","images":[]},{"text":"","images":[]},{"text":"상품문의 문의하기","images":[]},{"text":"구매한 상품의 취소/반품은 마이쿠팡 구매내역에서 신청 가능합니다. 상품문의 및 후기게시판을 통해 취소나 환불, 반품 등은 처리되지 않습니다. 가격, 판매자, 교환/환불 및 배송 등 해당 상품 자체와 관련 없는 문의는 고객센터 내 1:1 문의하기를 이용해주세요. \"해당 상품 자체\"와 관계없는 글, 양도, 광고성, 욕설, 비방, 도배 등의 글은 예고 없이 이동, 노출제한, 삭제 등의 조치가 취해질 수 있습니다. 공개 게시판이므로 전화번호, 메일 주소 등 고객님의 소중한 개인정보는 절대 남기지 말아주세요.","images":[]},{"text":"","images":[]},{"text":"질문 가정용 한입사과 2kg | 1개 푸드스토리 정말최악이네요 평이좋아시킨건데 사과를이렇게 누가 문것처럼 보이네요 전화도 드리고 문자로사진도보내드렷는데 왜열락이없으시나요? 반품시켜주세요 2024/10/26 13:57:47 답변 푸드스토리 불편을 드려 죄송합니다 평일 근무 시간내 고객 문의 및 문자에 대해 순차적 회신 드리고 있음을 양해구하고자 합니다 택배 이동 시 파손이 있었던 것으로 부분환불 처리 진행은 어떠실까요 계좌 정보 주시면 처리 진행 도와드리고 있습니다 2024/10/28 10:22:43 질문 가정용 한입사과 2kg | 1개 푸드스토리 믿고 주문결제 했습니다. 신선하고 맛있는 상품으로 잘 검수해서 보내주세요~^^ 2024/10/21 19:33:42 답변 푸드스토리 주문해주셔서 감사합니다 고객님의 당부하시는 그 마음 잘 알고 있습니다 판매자로서 신뢰가 가장 중요하기에 그 무엇보다 꼬옥 만족시켜 드리고 싶은 그 마음이 큽니다 선별 잘해서 좋은 상품으로 찾아뵐 수 있도록 최선을 다하겠습니다 ♥ 2024/10/22 10:41:10 질문 소과 2kg | 1개 푸드스토리 홍옥사과 맏나요? 2024/10/15 11:55:49 답변 푸드스토리 관심을 가져 주셔서 감사합니다 산지 상황에 따라 햇 빨간 사과 홍로 부사 등 품종이 발송될 수 있음을 안내 드리고자 합니다 선별 잘해서 좋은 상품으로 찾아뵐 수 있도록 최선을 다하겠습니 2024/10/15 13:19:49 질문 가정용 한입사과 2kg | 1개 푸드스토리 상태가 엉망이네요 찌글찌글한것도 있고 다 가져가시고 반품해주세요 2024/05/22 09:15:30 답변 푸드스토리 고객명 주문번호 연동이 되지 않아 확인이 어렵습니다 고객님 죄송합니다 주문번호와 상품의 사진을 부탁드리고자 합니다 생물로 확인 후 처리 될 수 있는 점 양해 부탁드립니다 2024/05/22 11:51:36 전체보기","images":[]},{"text":"판매 부적격 상품 또는 허위과장광고 및 지식재산권을 침해하는 상품의 경우 신고하여 주시기 바랍니다. 신고하기","images":[]},{"text":"구매한 상품의 취소/반품은 마이쿠팡 구매내역에서 신청 가능합니다. 상품문의 및 후기게시판을 통해 취소나 환불, 반품 등은 처리되지 않습니다. 가격, 판매자, 교환/환불 및 배송 등 해당 상품 자체와 관련 없는 문의는 고객센터 내 1:1 문의하기를 이용해주세요. \"해당 상품 자체\"와 관계없는 글, 양도, 광고성, 욕설, 비방, 도배 등의 글은 예고 없이 이동, 노출제한, 삭제 등의 조치가 취해질 수 있습니다. 공개 게시판이므로 전화번호, 메일 주소 등 고객님의 소중한 개인정보는 절대 남기지 말아주세요.","images":[]},{"text":"질문 가정용 한입사과 2kg | 1개 푸드스토리 정말최악이네요 평이좋아시킨건데 사과를이렇게 누가 문것처럼 보이네요 전화도 드리고 문자로사진도보내드렷는데 왜열락이없으시나요? 반품시켜주세요 2024/10/26 13:57:47 답변 푸드스토리 불편을 드려 죄송합니다 평일 근무 시간내 고객 문의 및 문자에 대해 순차적 회신 드리고 있음을 양해구하고자 합니다 택배 이동 시 파손이 있었던 것으로 부분환불 처리 진행은 어떠실까요 계좌 정보 주시면 처리 진행 도와드리고 있습니다 2024/10/28 10:22:43 질문 가정용 한입사과 2kg | 1개 푸드스토리 믿고 주문결제 했습니다. 신선하고 맛있는 상품으로 잘 검수해서 보내주세요~^^ 2024/10/21 19:33:42 답변 푸드스토리 주문해주셔서 감사합니다 고객님의 당부하시는 그 마음 잘 알고 있습니다 판매자로서 신뢰가 가장 중요하기에 그 무엇보다 꼬옥 만족시켜 드리고 싶은 그 마음이 큽니다 선별 잘해서 좋은 상품으로 찾아뵐 수 있도록 최선을 다하겠습니다 ♥ 2024/10/22 10:41:10 질문 소과 2kg | 1개 푸드스토리 홍옥사과 맏나요? 2024/10/15 11:55:49 답변 푸드스토리 관심을 가져 주셔서 감사합니다 산지 상황에 따라 햇 빨간 사과 홍로 부사 등 품종이 발송될 수 있음을 안내 드리고자 합니다 선별 잘해서 좋은 상품으로 찾아뵐 수 있도록 최선을 다하겠습니 2024/10/15 13:19:49 질문 가정용 한입사과 2kg | 1개 푸드스토리 상태가 엉망이네요 찌글찌글한것도 있고 다 가져가시고 반품해주세요 2024/05/22 09:15:30 답변 푸드스토리 고객명 주문번호 연동이 되지 않아 확인이 어렵습니다 고객님 죄송합니다 주문번호와 상품의 사진을 부탁드리고자 합니다 생물로 확인 후 처리 될 수 있는 점 양해 부탁드립니다 2024/05/22 11:51:36","images":[]},{"text":"전체보기","images":[]},{"text":"전체보기","images":[]},{"text":"","images":[]},{"text":"ㆍ주문/제작 상품의 경우, 상품의 제작이 이미 진행된 경우","images":[]},{"text":"ㆍ상품 포장을 개봉하여 사용 또는 설치 완료되어 상품의 가치가 훼손된 경우 (단, 내용 확인을 위한 포장 개봉의 경우는 예외)","images":[]},{"text":"ㆍ고객의 사용, 시간경과, 일부 소비에 의하여 상품의 가치가 현저히 감소한 경우","images":[]},{"text":"ㆍ세트상품 일부 사용, 구성품을 분실하였거나 취급 부주의로 인한 파손/고장/오염으로 재판매 불가한 경우","images":[]},{"text":"ㆍ모니터 해상도의 차이로 인해 색상이나 이미지가 실제와 달라, 고객이 단순 변심으로 교환/반품을 무료로 요청하는 경우","images":[]},{"text":"ㆍ제조사의 사정 (신모델 출시 등) 및 부품 가격 변동 등에 의해 무료 교환/반품으로 요청하는 경우","images":[]},{"text":"다른 고객이 함께 구매한 상품","images":[]},{"text":"못난이 사과, 1.5kg(소과, 8~10입), 1팩 8,490원 (100g당 566원) 90% (5,859) 가족 작아도 맛있는 미니사과, 1.5kg(8~10입), 1봉 10,990원 (100g당 733원) 90% (10,727) 하이프루츠 당도선별 의성 세척사과, 2kg(소과, 10~12입), 1개 15,860원 (100g당 793원) 90% (29,404) 곰곰 세척 사과, 2kg(소과), 1개 17,980원 (100g당 899원) 90% (162,592) 영주마실 빨간사과 못난이 가정용, 4.5kg(소과, 26~30입), 1박스 20,090원 (100g당 446원) 90% (1,848) 완숙 토마토, 1kg, 1팩 7,590원 (100g당 759원) 90% (63,505) 곰곰 농협 문경사과, 1.5kg(중과), 1봉 11,420원 (100g당 761원) 90% (10,329) 프레샤인 GAP 인증 충주 못난이사과, 3kg, 1개 13,190원 (100g당 440원) 90% (65,008) 곰곰 방울토마토, 500g, 1팩 6,880원 (100g당 1,376원) 90% (30,719) 고산지 재배 당도선별 사과 중과, 1.5kg, 1봉 14,390원 (100g당 959원) 90% (88,425) 곰곰 대추방울토마토, 1kg, 1개 11,740원 (100g당 1,174원) 90% (309,082) 세도농협 GAP 인증 대추방울토마토, 1kg, 1박스 12,930원 (100g당 1,293원) 90% (226,952) 김해 진영 단감, 800g, 1개 4,090원 (100g당 511원) 90% (6,378) 셀렉트팜 GAP 인증 A 사과, 1kg(소과, 6입), 1팩 8,190원 (100g당 819원) 90% (12,707) 스윗토 스테비아 대추방울토마토, 450g, 1팩 6,470원 (100g당 1,438원) 90% (207,563)","images":[{"url":"https://image7.coupangcdn.com/image/mobile_app/v3/brandsdp/loyalty/pc/rocket-fresh@2x.png","classNames":["rl-item__badge"],"parentClassNames":["clearFix"]},{"url":"https://image7.coupangcdn.com/image/mobile_app/v3/brandsdp/loyalty/pc/rocket-fresh@2x.png","classNames":["rl-item__badge"],"parentClassNames":["clearFix"]},{"url":"https://image7.coupangcdn.com/image/mobile_app/v3/brandsdp/loyalty/pc/rocket-fresh@2x.png","classNames":["rl-item__badge"],"parentClassNames":["clearFix"]},{"url":"https://image7.coupangcdn.com/image/mobile_app/v3/brandsdp/loyalty/pc/rocket-fresh@2x.png","classNames":["rl-item__badge"],"parentClassNames":["clearFix"]},{"url":"https://image7.coupangcdn.com/image/mobile_app/v3/brandsdp/loyalty/pc/rocket-fresh@2x.png","classNames":["rl-item__badge"],"parentClassNames":["clearFix"]},{"url":"https://image7.coupangcdn.com/image/mobile_app/v3/brandsdp/loyalty/pc/rocket-fresh@2x.png","classNames":["rl-item__badge"],"parentClassNames":["clearFix"]},{"url":"https://image7.coupangcdn.com/image/mobile_app/v3/brandsdp/loyalty/pc/rocket-fresh@2x.png","classNames":["rl-item__badge"],"parentClassNames":["clearFix"]},{"url":"https://image7.coupangcdn.com/image/mobile_app/v3/brandsdp/loyalty/pc/rocket-fresh@2x.png","classNames":["rl-item__badge"],"parentClassNames":["clearFix"]},{"url":"https://image7.coupangcdn.com/image/mobile_app/v3/brandsdp/loyalty/pc/rocket-fresh@2x.png","classNames":["rl-item__badge"],"parentClassNames":["clearFix"]},{"url":"https://image7.coupangcdn.com/image/mobile_app/v3/brandsdp/loyalty/pc/rocket-fresh@2x.png","classNames":["rl-item__badge"],"parentClassNames":["clearFix"]},{"url":"https://image7.coupangcdn.com/image/mobile_app/v3/brandsdp/loyalty/pc/rocket-fresh@2x.png","classNames":["rl-item__badge"],"parentClassNames":["clearFix"]},{"url":"https://image7.coupangcdn.com/image/mobile_app/v3/brandsdp/loyalty/pc/rocket-fresh@2x.png","classNames":["rl-item__badge"],"parentClassNames":["clearFix"]},{"url":"https://image7.coupangcdn.com/image/mobile_app/v3/brandsdp/loyalty/pc/rocket-fresh@2x.png","classNames":["rl-item__badge"],"parentClassNames":["clearFix"]},{"url":"https://image7.coupangcdn.com/image/mobile_app/v3/brandsdp/loyalty/pc/rocket-fresh@2x.png","classNames":["rl-item__badge"],"parentClassNames":["clearFix"]},{"url":"https://image7.coupangcdn.com/image/mobile_app/v3/brandsdp/loyalty/pc/rocket-fresh@2x.png","classNames":["rl-item__badge"],"parentClassNames":["clearFix"]}]},{"text":"못난이 사과, 1.5kg(소과, 8~10입), 1팩 8,490원 (100g당 566원) 90% (5,859) 가족 작아도 맛있는 미니사과, 1.5kg(8~10입), 1봉 10,990원 (100g당 733원) 90% (10,727) 하이프루츠 당도선별 의성 세척사과, 2kg(소과, 10~12입), 1개 15,860원 (100g당 793원) 90% (29,404) 곰곰 세척 사과, 2kg(소과), 1개 17,980원 (100g당 899원) 90% (162,592) 영주마실 빨간사과 못난이 가정용, 4.5kg(소과, 26~30입), 1박스 20,090원 (100g당 446원) 90% (1,848) 완숙 토마토, 1kg, 1팩 7,590원 (100g당 759원) 90% (63,505) 곰곰 농협 문경사과, 1.5kg(중과), 1봉 11,420원 (100g당 761원) 90% (10,329) 프레샤인 GAP 인증 충주 못난이사과, 3kg, 1개 13,190원 (100g당 440원) 90% (65,008) 곰곰 방울토마토, 500g, 1팩 6,880원 (100g당 1,376원) 90% (30,719) 고산지 재배 당도선별 사과 중과, 1.5kg, 1봉 14,390원 (100g당 959원) 90% (88,425) 곰곰 대추방울토마토, 1kg, 1개 11,740원 (100g당 1,174원) 90% (309,082) 세도농협 GAP 인증 대추방울토마토, 1kg, 1박스 12,930원 (100g당 1,293원) 90% (226,952) 김해 진영 단감, 800g, 1개 4,090원 (100g당 511원) 90% (6,378) 셀렉트팜 GAP 인증 A 사과, 1kg(소과, 6입), 1팩 8,190원 (100g당 819원) 90% (12,707) 스윗토 스테비아 대추방울토마토, 450g, 1팩 6,470원 (100g당 1,438원) 90% (207,563)","images":[{"url":"https://image7.coupangcdn.com/image/mobile_app/v3/brandsdp/loyalty/pc/rocket-fresh@2x.png","classNames":["rl-item__badge"],"parentClassNames":["clearFix"]},{"url":"https://image7.coupangcdn.com/image/mobile_app/v3/brandsdp/loyalty/pc/rocket-fresh@2x.png","classNames":["rl-item__badge"],"parentClassNames":["clearFix"]},{"url":"https://image7.coupangcdn.com/image/mobile_app/v3/brandsdp/loyalty/pc/rocket-fresh@2x.png","classNames":["rl-item__badge"],"parentClassNames":["clearFix"]},{"url":"https://image7.coupangcdn.com/image/mobile_app/v3/brandsdp/loyalty/pc/rocket-fresh@2x.png","classNames":["rl-item__badge"],"parentClassNames":["clearFix"]},{"url":"https://image7.coupangcdn.com/image/mobile_app/v3/brandsdp/loyalty/pc/rocket-fresh@2x.png","classNames":["rl-item__badge"],"parentClassNames":["clearFix"]},{"url":"https://image7.coupangcdn.com/image/mobile_app/v3/brandsdp/loyalty/pc/rocket-fresh@2x.png","classNames":["rl-item__badge"],"parentClassNames":["clearFix"]},{"url":"https://image7.coupangcdn.com/image/mobile_app/v3/brandsdp/loyalty/pc/rocket-fresh@2x.png","classNames":["rl-item__badge"],"parentClassNames":["clearFix"]},{"url":"https://image7.coupangcdn.com/image/mobile_app/v3/brandsdp/loyalty/pc/rocket-fresh@2x.png","classNames":["rl-item__badge"],"parentClassNames":["clearFix"]},{"url":"https://image7.coupangcdn.com/image/mobile_app/v3/brandsdp/loyalty/pc/rocket-fresh@2x.png","classNames":["rl-item__badge"],"parentClassNames":["clearFix"]},{"url":"https://image7.coupangcdn.com/image/mobile_app/v3/brandsdp/loyalty/pc/rocket-fresh@2x.png","classNames":["rl-item__badge"],"parentClassNames":["clearFix"]},{"url":"https://image7.coupangcdn.com/image/mobile_app/v3/brandsdp/loyalty/pc/rocket-fresh@2x.png","classNames":["rl-item__badge"],"parentClassNames":["clearFix"]},{"url":"https://image7.coupangcdn.com/image/mobile_app/v3/brandsdp/loyalty/pc/rocket-fresh@2x.png","classNames":["rl-item__badge"],"parentClassNames":["clearFix"]},{"url":"https://image7.coupangcdn.com/image/mobile_app/v3/brandsdp/loyalty/pc/rocket-fresh@2x.png","classNames":["rl-item__badge"],"parentClassNames":["clearFix"]},{"url":"https://image7.coupangcdn.com/image/mobile_app/v3/brandsdp/loyalty/pc/rocket-fresh@2x.png","classNames":["rl-item__badge"],"parentClassNames":["clearFix"]},{"url":"https://image7.coupangcdn.com/image/mobile_app/v3/brandsdp/loyalty/pc/rocket-fresh@2x.png","classNames":["rl-item__badge"],"parentClassNames":["clearFix"]}]},{"text":"새콤달콤 맛있는 빨간 햇 사과, 4.5kg, 1개 31,400원 (100g당 698원) 80% (2,987) 푸드마실 껍질째먹는 경북 청송 안동 꿀사과, 사과 2kg(10~13과), 1개 13,900원 (100g당 695원) 60% (875) 첫 출하 빨간 가정용 햇 사과 4.5KG (무조건 발송), (20~30과)소과, 1개 30,700원 (100g당 682원) 70% (31,889) 안동 청송 프리미엄 햇 사과 가정용, 1개, 9kg 53,900원 (100g당 599원) 70% (2,362) 과즙 팡팡 경북 부사 사과 5kg, 1개, 5kg 소과 29,820원 (100g당 596원) 70% (178) 스윗쿡 과일앤 저탄소인증 홍로 부사 사과 정품, 당도선별 사과 10kg 대과, 1개 96,800원 (100g당 968원) 80% (62) [돌마리상회] 사과 부사 경북사과, 1박스, (실속형) 중소과/중과 3kg 21,800원 (100g당 727원) 햇 빨간 가정용 한입 사과 4.5KG (당일발송), 1개, 정품 소과 사과 (24~30과) 32,850원 (100g당 730원) 80% (17,491) 당도보장 꿀이가득 껍질째먹는 안동 청송 가정용 꿀사과, 1개, 9kg 77,150원 (100g당 857원) 70% (1,301) 껍질째먹는 훈이네 경북 청송 가정용 선물용 꿀사과, 혼합5KG, 1개 39,900원 (100g당 798원) 90% (17,646) 아삭한 고당도 꿀맛 가정용 홍로 흠과 부사 미시마 햇 사과(중과) 2kg 4kg, 1박스, 가정용사과 2kg(8-14과) 26,500원 (100g당 1,325원) 70% (102) 햇빛농원 밀양얼음골사과 햇부사 산지직송, 1박스, 5kg (흠과 꼬마), 25~30과 45,900원 70% (116) 따봉프레시 못생겨도 맛있는 가정용 안동 청송 꿀사과, 1개, 9kg 53,900원 (100g당 599원) 70% (3,159) 건강을 담은 장군이네 가정용 꿀사과 흠과, 1개, 혼합 10kg 75,900원 (100g당 759원) 100% (1,891) 우진이네 사과 경북 청송 가정용 꿀사과 못난이사과 ( 소과 혼합), 1박스, 5KG(소과) 37,500원 (100g당 750원) 100% (73) 새콤달콤 꿀당도 시나노골드 황금사과 가정용(소과), 1박스, 시나노골드 3kg 27,900원 (100g당 930원) 80% (29) 수분가득한 제주구좌 경남 강원 햇 흙당근, 1개, 당근 2kg 상 19,800원 (100g당 990원) 80% (1,218) 올해 첫 수확 빨간 햇 사과, 한입사과 4.5KG, 1개 28,900원 (100g당 578원) 80% (4,482) 해남 다모 꿀고구마, 3kg (한입), 1개 10,960원 (100g당 365원) 80% (12,697) 프리미엄 고당도 루비에스 미니사과 알프스오토메, 1개, 루비에스 미니사과 1kg (12-22과 내외) 16,840원 (100g당 1,684원) 80% (12)","images":[]},{"text":"새콤달콤 맛있는 빨간 햇 사과, 4.5kg, 1개 31,400원 (100g당 698원) 80% (2,987) 푸드마실 껍질째먹는 경북 청송 안동 꿀사과, 사과 2kg(10~13과), 1개 13,900원 (100g당 695원) 60% (875) 첫 출하 빨간 가정용 햇 사과 4.5KG (무조건 발송), (20~30과)소과, 1개 30,700원 (100g당 682원) 70% (31,889) 안동 청송 프리미엄 햇 사과 가정용, 1개, 9kg 53,900원 (100g당 599원) 70% (2,362) 과즙 팡팡 경북 부사 사과 5kg, 1개, 5kg 소과 29,820원 (100g당 596원) 70% (178) 스윗쿡 과일앤 저탄소인증 홍로 부사 사과 정품, 당도선별 사과 10kg 대과, 1개 96,800원 (100g당 968원) 80% (62) [돌마리상회] 사과 부사 경북사과, 1박스, (실속형) 중소과/중과 3kg 21,800원 (100g당 727원) 햇 빨간 가정용 한입 사과 4.5KG (당일발송), 1개, 정품 소과 사과 (24~30과) 32,850원 (100g당 730원) 80% (17,491) 당도보장 꿀이가득 껍질째먹는 안동 청송 가정용 꿀사과, 1개, 9kg 77,150원 (100g당 857원) 70% (1,301) 껍질째먹는 훈이네 경북 청송 가정용 선물용 꿀사과, 혼합5KG, 1개 39,900원 (100g당 798원) 90% (17,646) 아삭한 고당도 꿀맛 가정용 홍로 흠과 부사 미시마 햇 사과(중과) 2kg 4kg, 1박스, 가정용사과 2kg(8-14과) 26,500원 (100g당 1,325원) 70% (102) 햇빛농원 밀양얼음골사과 햇부사 산지직송, 1박스, 5kg (흠과 꼬마), 25~30과 45,900원 70% (116) 따봉프레시 못생겨도 맛있는 가정용 안동 청송 꿀사과, 1개, 9kg 53,900원 (100g당 599원) 70% (3,159) 건강을 담은 장군이네 가정용 꿀사과 흠과, 1개, 혼합 10kg 75,900원 (100g당 759원) 100% (1,891) 우진이네 사과 경북 청송 가정용 꿀사과 못난이사과 ( 소과 혼합), 1박스, 5KG(소과) 37,500원 (100g당 750원) 100% (73) 새콤달콤 꿀당도 시나노골드 황금사과 가정용(소과), 1박스, 시나노골드 3kg 27,900원 (100g당 930원) 80% (29) 수분가득한 제주구좌 경남 강원 햇 흙당근, 1개, 당근 2kg 상 19,800원 (100g당 990원) 80% (1,218) 올해 첫 수확 빨간 햇 사과, 한입사과 4.5KG, 1개 28,900원 (100g당 578원) 80% (4,482) 해남 다모 꿀고구마, 3kg (한입), 1개 10,960원 (100g당 365원) 80% (12,697) 프리미엄 고당도 루비에스 미니사과 알프스오토메, 1개, 루비에스 미니사과 1kg (12-22과 내외) 16,840원 (100g당 1,684원) 80% (12)","images":[]},{"text":"특가진행중 타니다키비단고 수수경단 우유맛, 1개, 98g 와우할인가 30% 7,080 4,950원 (10g 505원) 90% (12) 1 % 남음","images":[{"url":"https://image6.coupangcdn.com/image/delivery_badge/default/pc/global_b/global_b.png","classNames":["jikgu-badge"],"parentClassNames":["promotion-item-price-contain"]}]},{"text":"특가진행중 베스트네츄럴스 D-리보스 퓨어 파우더, 1개, 454g 와우할인가 19% 27,760 22,480원 (10g 495원) 100% (1) 1 % 남음","images":[{"url":"https://image6.coupangcdn.com/image/delivery_badge/default/pc/global_b/global_b.png","classNames":["jikgu-badge"],"parentClassNames":["promotion-item-price-contain"]}]},{"text":"특가진행중 마누카헬스 뉴질랜드 로우 마누카 허니 MGO 573+ UMF 16+, 250g, 1개 와우할인가 53% 90,600 42,000원 (100g 16,800원) 무료배송 100% (1,094) 1 % 남음","images":[{"url":"https://image6.coupangcdn.com/image/delivery_badge/default/pc/global_b/global_b.png","classNames":["jikgu-badge"],"parentClassNames":["promotion-item-price-contain"]}]},{"text":"특가진행중 마가리타빌 마가리타 믹스, 1L, 1개 와우할인가 31% 19,190 13,080원 (100ml 1,308원) 90% (49) 1 % 남음","images":[{"url":"https://image6.coupangcdn.com/image/delivery_badge/default/pc/global_b/global_b.png","classNames":["jikgu-badge"],"parentClassNames":["promotion-item-price-contain"]}]},{"text":"특가진행중 Tukunaka 소프트 관자 훈제 오일 절임, 1개, 60g 와우할인가 29% 12,800 9,080원 (10g 1,513원) 1 % 남음","images":[{"url":"https://image6.coupangcdn.com/image/delivery_badge/default/pc/global_b/global_b.png","classNames":["jikgu-badge"],"parentClassNames":["promotion-item-price-contain"]}]},{"text":"특가진행중 밥스레드밀 홀 치아 씨드, 340g, 2개 와우할인가 22% 26,570 20,660원 (100g 3,038원) 100% (612) 1 % 남음","images":[{"url":"https://image6.coupangcdn.com/image/delivery_badge/default/pc/global_b/global_b.png","classNames":["jikgu-badge"],"parentClassNames":["promotion-item-price-contain"]}]},{"text":"특가진행중 바쇼도 와라비모찌 키나코, 3개, 100g 와우할인가 25% 16,130 12,090원 (10g 403원) 90% (14) 1 % 남음","images":[{"url":"https://image6.coupangcdn.com/image/delivery_badge/default/pc/global_b/global_b.png","classNames":["jikgu-badge"],"parentClassNames":["promotion-item-price-contain"]}]},{"text":"특가진행중 콤비타 마누카 허니 UMF20+, 250g, 1개 와우할인가 24% 146,940 111,600원 (100g 44,640원) 무료배송 100% (1) 47 % 남음","images":[{"url":"https://image6.coupangcdn.com/image/delivery_badge/default/pc/global_b/global_b.png","classNames":["jikgu-badge"],"parentClassNames":["promotion-item-price-contain"]}]},{"text":"특가진행중 미라쿠노리 윈터 프루트 찹쌀떡 딸기 + 유자 사과 키위, 1개, 240g 와우할인가 41% 8,090 4,770원 (10g 199원) 무료배송 100% (1) 87 % 남음","images":[{"url":"https://image6.coupangcdn.com/image/delivery_badge/default/pc/global_b/global_b.png","classNames":["jikgu-badge"],"parentClassNames":["promotion-item-price-contain"]}]},{"text":"특가진행중 밥스레드밀 씩 롤드 오트, 907g, 4개 와우할인가 19% 44,210 35,460원 (100g 977원) 무료배송 100% (1,997) 1 % 남음","images":[{"url":"https://image6.coupangcdn.com/image/delivery_badge/default/pc/global_b/global_b.png","classNames":["jikgu-badge"],"parentClassNames":["promotion-item-price-contain"]}]},{"text":"특가진행중 마카다미아스오스트레일리아 해피 넛 바닐라 마카다미아, 225g, 20개 와우할인가 14% 134,710 115,000원 (10g 256원) 무료배송 90% (132) 95 % 남음","images":[{"url":"https://image6.coupangcdn.com/image/delivery_badge/default/pc/global_b/global_b.png","classNames":["jikgu-badge"],"parentClassNames":["promotion-item-price-contain"]}]},{"text":"특가진행중 Tukunaka 소프트 관자, 10개, 28g 와우할인가 34% 49,710 32,800원 (10g 1,171원) 무료배송 1 % 남음","images":[{"url":"https://image6.coupangcdn.com/image/delivery_badge/default/pc/global_b/global_b.png","classNames":["jikgu-badge"],"parentClassNames":["promotion-item-price-contain"]}]},{"text":"특가진행중 마누카헬스 뉴질랜드 로우 마누카 허니 MGO 263+ UMF 10+, 500g, 1개 와우할인가 24% 51,540 38,970원 (100g 7,794원) 무료배송 100% (788) 1 % 남음","images":[{"url":"https://image6.coupangcdn.com/image/delivery_badge/default/pc/global_b/global_b.png","classNames":["jikgu-badge"],"parentClassNames":["promotion-item-price-contain"]}]},{"text":"특가진행중 콤비타 마누카 허니 UMF5+, 1kg, 1개 와우할인가 17% 64,070 53,000원 (100g 5,300원) 무료배송 100% (157) 15 % 남음","images":[{"url":"https://image6.coupangcdn.com/image/delivery_badge/default/pc/global_b/global_b.png","classNames":["jikgu-badge"],"parentClassNames":["promotion-item-price-contain"]}]},{"text":"특가진행중 소켄샤 율무, 1개, 220g 와우할인가 17% 11,190 9,280원 (100g 4,218원) 1 % 남음","images":[{"url":"https://image6.coupangcdn.com/image/delivery_badge/default/pc/global_b/global_b.png","classNames":["jikgu-badge"],"parentClassNames":["promotion-item-price-contain"]}]},{"text":"특가진행중 콤비타 마누카 허니 UMF10+, 250g, 1개 와우할인가 25% 46,150 34,330원 (100g 13,732원) 무료배송 90% (157) 86 % 남음","images":[{"url":"https://image6.coupangcdn.com/image/delivery_badge/default/pc/global_b/global_b.png","classNames":["jikgu-badge"],"parentClassNames":["promotion-item-price-contain"]}]},{"text":"특가진행중 얼스바운티 타히티안 노니 주스, 946ml, 2개 와우할인가 22% 62,490 48,740원 (100ml 2,576원) 무료배송 90% (216) 1 % 남음","images":[{"url":"https://image6.coupangcdn.com/image/delivery_badge/default/pc/global_b/global_b.png","classNames":["jikgu-badge"],"parentClassNames":["promotion-item-price-contain"]}]},{"text":"특가진행중 Bee2 Honey 마누카 허니 스트로우 선물 세트 Mgo300+, 1개, 360g 와우할인가 30% 48,530 33,970원 (100g 9,436원) 무료배송 100% (49) 1 % 남음","images":[{"url":"https://image6.coupangcdn.com/image/delivery_badge/default/pc/global_b/global_b.png","classNames":["jikgu-badge"],"parentClassNames":["promotion-item-price-contain"]}]}],"pagination":{"type":"numbered","hasNextPage":false}}]},{"identifier":["btf"],"pages":[{"url":"https://www.coupang.com/vp/products/8246353393?vendorItemId=86646022701&sourceType=HOME_GW_PROMOTION&searchId=feed-f214edf3bd3b481aabe1ba244d82887a-gw_promotion&isAddedCart=","classNames":["ui-recommendation-list"],"data":[{"text":"진품인증 받은 해남고구마, 꿀고구마 10kg 긴중상(60g~120g), 1개 47,000원 (100g당 470원) 80% (61,626) [명품농원] 당도선별 문경 사과 5kg 선물세트, 1개, 03. 명품농원 중과 5kg(17~19과)-선물용 60,000원 (100g당 1,200원) 100% (435) 당도 좋은 빨간사과 흠과 4kg 실중량, 1박스 14,300원 (100g당 358원) 70% (342) 푸드마실 껍질째먹는 경북 청송 안동 꿀사과, 사과 2kg(10~13과), 1개 13,900원 (100g당 695원) 60% (875) 포슬포슬 분감자 두백감자 강원도 햇감자 3kg 5kg 10kg, 1박스, 두백감자 [왕특] 2kg, 왕특 11,900원 (100g당 397원) 80% (740) 당도보장 꿀이가득 껍질째먹는 안동 청송 가정용 꿀사과, 1개, 9kg 77,150원 (100g당 857원) 70% (1,301) 껍질째먹는 훈이네 경북 청송 가정용 선물용 꿀사과, 혼합10KG, 1개 77,900원 (100g당 779원) 90% (17,646) 해발600m 고랭지 꿀 햇사과, 5kg (흠집 혼합크기 20과 내외), 1박스 34,910원 (100g당 13,964원) 80% (675) [명품농원] 당도선별 문경 사과 5kg 선물세트, 1박스, 01. 명품농원 대과 5kg(14~16과)-선물용 70,000원 (100g당 1,400원) 100% (531) 껍찔째 먹는 천연과즙 팡팡 안동 청송 가정용 꿀사과, 1개, 4.5kg내외 29,800원 (100g당 662원) 70% (695) 제주도 감귤 귤 10kg 제주 조생 노지귤 노지감귤 고당도 5kg 3kg 극조생, 1개, 3kg(중소) 17,900원 (100g당 597원) 80% (133) [제주놀멍] 햇 노지 감귤 고당도 밀감 하우스 가정용 3kg 5kg 10kg, 귤 3kg L-2L, 1개 19,900원 (100g당 663원) 80% (170) 오늘출발 고당도 제주 특산품 귤, 1박스, 9kg(대과귤돼지) 38,400원 (100g당 427원) 100% (5,980) 첫 출하 빨간 가정용 햇 사과 4.5KG (무조건 발송), (20~30과)소과, 1개 30,700원 (100g당 682원) 70% (31,889) 안동 청송 프리미엄 햇 사과 가성비 좋은 가정용, 1개, 3.5kg 27,800원 (100g당 794원) 70% (2,362) 건강을 담은 장군이네 가정용 꿀사과 흠과, 1개, 혼합 5kg 38,900원 (100g당 778원) 100% (1,891) 경북 꿀 사과 (가정용 쥬스용 쭈글이 흠집 기스 비품 못난이) 10kg, 10kg(대과), 1개 31,900원 (100g당 319원) 70% (789) 새콤달콤 맛있는 빨간 햇 사과, 4.5kg, 1개 31,400원 (100g당 698원) 80% (2,987) A급주스용 가성비 흠집 못난이 가정용 2024년도 햇 사과 5kg, 1개 29,900원 (100g당 598원) 70% (48) [푸릇앤팜] 문경 청송 얼음골사과 꿀사과, 1박스, 가정용 A 3kg (kg당 5과내외) 20,800원 (100g당 693원) 80% (32) [오늘아침사과] 껍질째먹는 세척사과, 3kg (17과), 1개 22,900원 (100g당 763원) 80% (361) 우진이네 사과 경북 청송 가정용 꿀사과 못난이사과 ( 소과 혼합), 1박스, 3KG(혼합) 25,900원 (100g당 863원) 100% (73) 한정특가 주스용 가정용 사과 5kg~10kg, 1개, 가정용부사 9kg간식(40-49) 38,000원 (100g당 422원) 80% (422) [꿀당도]과즙이 팡팡터지는 당도선별 새콤달콤 감홍사과, 1개, 가정용3kg 38,800원 (100g당 1,293원) 80% (65) 사과맛집 당도보장 꿀맛 간편아침 세척사과 중소과, 1개, 2kg(8~10입) 20,700원 (100g당 1,035원) 80% (14) 스윗쿡 과일앤 저탄소인증 홍로 부사 사과 정품, 당도선별 사과 2kg 꼬마사과, 1개 36,900원 (100g당 1,845원) 80% (62) 꿀품 가정용 사과 꿀사과, 1개, 5kg 소과(28-33과) 25,900원 (100g당 518원) 80% (1,676) 효성팜 껍질째 먹는 세척 사과 부사 개별 포장 봉지 씻어나온 씻은, 1박스, 5kg (31-35과/꼬마) 16,900원 (100g당 338원) 100% (2) 햇 부사 사과, 1개, 중과 3kg 28,800원 (100g당 960원) 100% (4) [더싱싱] 껍질째 먹는 국내산 세척사과, 1개, 가정용 2kg(10-13과) 18,700원 (100g당 935원) 80% (39)","images":[]},{"text":"진품인증 받은 해남고구마, 꿀고구마 10kg 긴중상(60g~120g), 1개 47,000원 (100g당 470원) 80% (61,626) [명품농원] 당도선별 문경 사과 5kg 선물세트, 1개, 03. 명품농원 중과 5kg(17~19과)-선물용 60,000원 (100g당 1,200원) 100% (435) 당도 좋은 빨간사과 흠과 4kg 실중량, 1박스 14,300원 (100g당 358원) 70% (342) 푸드마실 껍질째먹는 경북 청송 안동 꿀사과, 사과 2kg(10~13과), 1개 13,900원 (100g당 695원) 60% (875) 포슬포슬 분감자 두백감자 강원도 햇감자 3kg 5kg 10kg, 1박스, 두백감자 [왕특] 2kg, 왕특 11,900원 (100g당 397원) 80% (740) 당도보장 꿀이가득 껍질째먹는 안동 청송 가정용 꿀사과, 1개, 9kg 77,150원 (100g당 857원) 70% (1,301) 껍질째먹는 훈이네 경북 청송 가정용 선물용 꿀사과, 혼합10KG, 1개 77,900원 (100g당 779원) 90% (17,646) 해발600m 고랭지 꿀 햇사과, 5kg (흠집 혼합크기 20과 내외), 1박스 34,910원 (100g당 13,964원) 80% (675) [명품농원] 당도선별 문경 사과 5kg 선물세트, 1박스, 01. 명품농원 대과 5kg(14~16과)-선물용 70,000원 (100g당 1,400원) 100% (531) 껍찔째 먹는 천연과즙 팡팡 안동 청송 가정용 꿀사과, 1개, 4.5kg내외 29,800원 (100g당 662원) 70% (695) 제주도 감귤 귤 10kg 제주 조생 노지귤 노지감귤 고당도 5kg 3kg 극조생, 1개, 3kg(중소) 17,900원 (100g당 597원) 80% (133) [제주놀멍] 햇 노지 감귤 고당도 밀감 하우스 가정용 3kg 5kg 10kg, 귤 3kg L-2L, 1개 19,900원 (100g당 663원) 80% (170) 오늘출발 고당도 제주 특산품 귤, 1박스, 9kg(대과귤돼지) 38,400원 (100g당 427원) 100% (5,980) 첫 출하 빨간 가정용 햇 사과 4.5KG (무조건 발송), (20~30과)소과, 1개 30,700원 (100g당 682원) 70% (31,889) 안동 청송 프리미엄 햇 사과 가성비 좋은 가정용, 1개, 3.5kg 27,800원 (100g당 794원) 70% (2,362) 건강을 담은 장군이네 가정용 꿀사과 흠과, 1개, 혼합 5kg 38,900원 (100g당 778원) 100% (1,891) 경북 꿀 사과 (가정용 쥬스용 쭈글이 흠집 기스 비품 못난이) 10kg, 10kg(대과), 1개 31,900원 (100g당 319원) 70% (789) 새콤달콤 맛있는 빨간 햇 사과, 4.5kg, 1개 31,400원 (100g당 698원) 80% (2,987) A급주스용 가성비 흠집 못난이 가정용 2024년도 햇 사과 5kg, 1개 29,900원 (100g당 598원) 70% (48) [푸릇앤팜] 문경 청송 얼음골사과 꿀사과, 1박스, 가정용 A 3kg (kg당 5과내외) 20,800원 (100g당 693원) 80% (32) [오늘아침사과] 껍질째먹는 세척사과, 3kg (17과), 1개 22,900원 (100g당 763원) 80% (361) 우진이네 사과 경북 청송 가정용 꿀사과 못난이사과 ( 소과 혼합), 1박스, 3KG(혼합) 25,900원 (100g당 863원) 100% (73) 한정특가 주스용 가정용 사과 5kg~10kg, 1개, 가정용부사 9kg간식(40-49) 38,000원 (100g당 422원) 80% (422) [꿀당도]과즙이 팡팡터지는 당도선별 새콤달콤 감홍사과, 1개, 가정용3kg 38,800원 (100g당 1,293원) 80% (65) 사과맛집 당도보장 꿀맛 간편아침 세척사과 중소과, 1개, 2kg(8~10입) 20,700원 (100g당 1,035원) 80% (14) 스윗쿡 과일앤 저탄소인증 홍로 부사 사과 정품, 당도선별 사과 2kg 꼬마사과, 1개 36,900원 (100g당 1,845원) 80% (62) 꿀품 가정용 사과 꿀사과, 1개, 5kg 소과(28-33과) 25,900원 (100g당 518원) 80% (1,676) 효성팜 껍질째 먹는 세척 사과 부사 개별 포장 봉지 씻어나온 씻은, 1박스, 5kg (31-35과/꼬마) 16,900원 (100g당 338원) 100% (2) 햇 부사 사과, 1개, 중과 3kg 28,800원 (100g당 960원) 100% (4) [더싱싱] 껍질째 먹는 국내산 세척사과, 1개, 가정용 2kg(10-13과) 18,700원 (100g당 935원) 80% (39)","images":[]},{"text":"특가진행중 로얄 16brix 초고당도 제주 감귤, 1박스, 4.5kg(L-2L) 와우할인가 53% 27,800 12,900원 (100g 287원) 12/13(금) 도착 예정 무료배송 80% (3,885) 80 % 남음","images":[]},{"text":"특가진행중 아삭아삭 경북 부사 2kg 외 개별포장 세척부사까지 과수별골라담기, 1박스, 세척사과 2kg (14과내외/실중량) 와우할인가 64% 27,900 9,810원 (100g 491원) 12/13(금) 도착 예정 무료배송 80% (167) 35 % 남음","images":[]},{"text":"특가진행중 새콤달콤 국내산 햇 빨간 사과 정품 가정용, 1박스, 가정용 / 4kg / 중과 와우할인가 46% 24,900 13,410원 (100g 168원) 12/13(금) 도착 예정 무료배송 70% (21) 93 % 남음","images":[]},{"text":"특가진행중 자연미가 손질절단특품 궁채나물 1.5kg /궁채 뚱채 황채 줄기상추 냉장, 1개 와우할인가 12% 13,000 11,340원 (100g 756원) 모레(목) 도착 예정 무료배송 90% (579) 99 % 남음","images":[]},{"text":"특가진행중 오늘출발 고당도 제주 특산품 귤, 1박스, 2.5kg(로얄귤돼지) 와우할인가 57% 35,900 15,400원 (100g 616원) 모레(목) 도착 예정 무료배송 100% (5,980) 44 % 남음","images":[]},{"text":"특가진행중 [오전8시 주문건 당일발송] 12브릭스 당도선별 세척사과 3kg (16~21입 소과), 1개 와우할인가 71% 91,460 26,090원 (100g 870원) 모레(목) 도착 예정 무료배송 80% (2,557) 63 % 남음","images":[]},{"text":"특가진행중 [압도적품질] 고당도 부사사과 특품 꿀사과, 1박스, 중과 1kg 와우할인가 55% 33,450 15,040원 (100g 1,504원) 12/13(금) 도착 예정 무료배송 90% (72) 98 % 남음","images":[]},{"text":"특가진행중 햇 당근 대 10kg 수입 세척당근, 수입 세척당근 대 10KG, 1개 와우할인가 3% 14,400 13,960원 (100g 140원) 모레(목) 도착 예정 무료배송 80% (39) 99 % 남음","images":[]},{"text":"특가진행중 제스프리 썬 골드키위 특대과 뉴질랜드산 정품, 1개, 2KG (14~15입) 와우할인가 51% 43,200 20,960원 (100g 1,048원) 모레(목) 도착 예정 무료배송 90% (622) 95 % 남음","images":[]},{"text":"특가진행중 [우연팜] 가정용 아침에 한입 사과 경북 부사 꿀사과 꼬마과 소과, 1박스, (부사사과 꼬마과) 2kg 와우할인가 54% 21,900 9,900원 (100g 495원) 12/13(금) 도착 예정 무료배송 80% (46) 33 % 남음","images":[]},{"text":"특가진행중 효성팜 빨간 사과 5kg 가정용 못난이 부사 사과, 1박스, 5kg (27-30과내외) 와우할인가 28% 19,900 14,310원 (100g 286원) 12/13(금) 도착 예정 무료배송 80% (138) 6 % 남음","images":[]},{"text":"특가진행중 로얄 16brix 초고당도 제주 감귤, 1박스, 1kg(2S-M) 와우할인가 44% 25,600 14,310원 (100g 1,431원) 12/13(금) 도착 예정 무료배송 80% (3,885) 99 % 남음","images":[]},{"text":"특가진행중 경북 청송 의성 안동 가정용 쥬스용 맛있는 사과, 3KG소과(19-20과), 1박스 와우할인가 46% 29,900 15,900원 모레(목) 도착 예정 무료배송 90% (447) 90 % 남음","images":[]},{"text":"특가진행중 껍질째먹는 햇사과 경북 청송 안동 산지직송 선물용 꿀사과, 사과 꼬마 2kg(14~16과), 1개 와우할인가 73% 49,000 12,900원 (100g 645원) 모레(목) 도착 예정 무료배송 70% (229) 74 % 남음","images":[]},{"text":"특가진행중 [정품인증] 꿀당도 엔비사과 팬시등급 가정용, 1박스, 중소과 1kg 와우할인가 59% 30,150 12,070원 (100g 1,207원) 12/13(금) 도착 예정 무료배송 70% (74) 95 % 남음","images":[]},{"text":"특가진행중 [사과농사32년] 팔도소문 산지직송 가정용 부사, 1개, 5kg 와우할인가 47% 47,800 24,930원 (100g 499원) 12/13(금) 도착 예정 무료배송 80% (150) 32 % 남음","images":[]},{"text":"특가진행중 제주직송 고당도 노지감귤 대과, 1박스, 10kg 와우할인가 58% 34,900 14,450원 (100g 145원) 12/13(금) 도착 예정 무료배송 90% (50) 68 % 남음","images":[]},{"text":"특가진행중 당도선별 제주 감귤, 1개, 10kg(가정용 2L-L 중대 실중량 9kg) 와우할인가 76% 49,900 11,900원 (100g 119원) 12/13(금) 도착 예정 무료배송 80% (301) 51 % 남음","images":[]},{"text":"특가진행중 껍질없는 녹두 대 깐녹두, 1kg, 1개 와우할인가 23% 12,900 9,920원 (100g 992원) 모레(목) 도착 예정 무료배송 90% (819) 56 % 남음","images":[]},{"text":"특가진행중 [입점특가] 쫀득한 상주 건시 곶감 가정용 대과, 500g, 1개 와우할인가 44% 25,900 14,310원 (10g 286원) 모레(목) 도착 예정 무료배송 90% (369) 34 % 남음","images":[]},{"text":"최고","images":[]},{"text":"좋음","images":[]},{"text":"보통","images":[]},{"text":"별로","images":[]},{"text":"나쁨","images":[]},{"text":"최고","images":[]},{"text":"","images":[]},{"text":"","images":[]},{"text":"","images":[]},{"text":"좋음","images":[]},{"text":"","images":[]},{"text":"","images":[]},{"text":"","images":[]},{"text":"보통","images":[]},{"text":"","images":[]},{"text":"","images":[]},{"text":"","images":[]},{"text":"별로","images":[]},{"text":"","images":[]},{"text":"","images":[]},{"text":"","images":[]},{"text":"나쁨","images":[]},{"text":"","images":[]},{"text":"","images":[]},{"text":"","images":[]},{"text":"상품문의 문의하기","images":[]},{"text":"구매한 상품의 취소/반품은 마이쿠팡 구매내역에서 신청 가능합니다. 상품문의 및 후기게시판을 통해 취소나 환불, 반품 등은 처리되지 않습니다. 가격, 판매자, 교환/환불 및 배송 등 해당 상품 자체와 관련 없는 문의는 고객센터 내 1:1 문의하기를 이용해주세요. \"해당 상품 자체\"와 관계없는 글, 양도, 광고성, 욕설, 비방, 도배 등의 글은 예고 없이 이동, 노출제한, 삭제 등의 조치가 취해질 수 있습니다. 공개 게시판이므로 전화번호, 메일 주소 등 고객님의 소중한 개인정보는 절대 남기지 말아주세요.","images":[]},{"text":"","images":[]},{"text":"질문 가정용 한입사과 2kg | 1개 푸드스토리 정말최악이네요 평이좋아시킨건데 사과를이렇게 누가 문것처럼 보이네요 전화도 드리고 문자로사진도보내드렷는데 왜열락이없으시나요? 반품시켜주세요 2024/10/26 13:57:47 답변 푸드스토리 불편을 드려 죄송합니다 평일 근무 시간내 고객 문의 및 문자에 대해 순차적 회신 드리고 있음을 양해구하고자 합니다 택배 이동 시 파손이 있었던 것으로 부분환불 처리 진행은 어떠실까요 계좌 정보 주시면 처리 진행 도와드리고 있습니다 2024/10/28 10:22:43 질문 가정용 한입사과 2kg | 1개 푸드스토리 믿고 주문결제 했습니다. 신선하고 맛있는 상품으로 잘 검수해서 보내주세요~^^ 2024/10/21 19:33:42 답변 푸드스토리 주문해주셔서 감사합니다 고객님의 당부하시는 그 마음 잘 알고 있습니다 판매자로서 신뢰가 가장 중요하기에 그 무엇보다 꼬옥 만족시켜 드리고 싶은 그 마음이 큽니다 선별 잘해서 좋은 상품으로 찾아뵐 수 있도록 최선을 다하겠습니다 ♥ 2024/10/22 10:41:10 질문 소과 2kg | 1개 푸드스토리 홍옥사과 맏나요? 2024/10/15 11:55:49 답변 푸드스토리 관심을 가져 주셔서 감사합니다 산지 상황에 따라 햇 빨간 사과 홍로 부사 등 품종이 발송될 수 있음을 안내 드리고자 합니다 선별 잘해서 좋은 상품으로 찾아뵐 수 있도록 최선을 다하겠습니 2024/10/15 13:19:49 질문 가정용 한입사과 2kg | 1개 푸드스토리 상태가 엉망이네요 찌글찌글한것도 있고 다 가져가시고 반품해주세요 2024/05/22 09:15:30 답변 푸드스토리 고객명 주문번호 연동이 되지 않아 확인이 어렵습니다 고객님 죄송합니다 주문번호와 상품의 사진을 부탁드리고자 합니다 생물로 확인 후 처리 될 수 있는 점 양해 부탁드립니다 2024/05/22 11:51:36 전체보기","images":[]},{"text":"판매 부적격 상품 또는 허위과장광고 및 지식재산권을 침해하는 상품의 경우 신고하여 주시기 바랍니다. 신고하기","images":[]},{"text":"구매한 상품의 취소/반품은 마이쿠팡 구매내역에서 신청 가능합니다. 상품문의 및 후기게시판을 통해 취소나 환불, 반품 등은 처리되지 않습니다. 가격, 판매자, 교환/환불 및 배송 등 해당 상품 자체와 관련 없는 문의는 고객센터 내 1:1 문의하기를 이용해주세요. \"해당 상품 자체\"와 관계없는 글, 양도, 광고성, 욕설, 비방, 도배 등의 글은 예고 없이 이동, 노출제한, 삭제 등의 조치가 취해질 수 있습니다. 공개 게시판이므로 전화번호, 메일 주소 등 고객님의 소중한 개인정보는 절대 남기지 말아주세요.","images":[]},{"text":"질문 가정용 한입사과 2kg | 1개 푸드스토리 정말최악이네요 평이좋아시킨건데 사과를이렇게 누가 문것처럼 보이네요 전화도 드리고 문자로사진도보내드렷는데 왜열락이없으시나요? 반품시켜주세요 2024/10/26 13:57:47 답변 푸드스토리 불편을 드려 죄송합니다 평일 근무 시간내 고객 문의 및 문자에 대해 순차적 회신 드리고 있음을 양해구하고자 합니다 택배 이동 시 파손이 있었던 것으로 부분환불 처리 진행은 어떠실까요 계좌 정보 주시면 처리 진행 도와드리고 있습니다 2024/10/28 10:22:43 질문 가정용 한입사과 2kg | 1개 푸드스토리 믿고 주문결제 했습니다. 신선하고 맛있는 상품으로 잘 검수해서 보내주세요~^^ 2024/10/21 19:33:42 답변 푸드스토리 주문해주셔서 감사합니다 고객님의 당부하시는 그 마음 잘 알고 있습니다 판매자로서 신뢰가 가장 중요하기에 그 무엇보다 꼬옥 만족시켜 드리고 싶은 그 마음이 큽니다 선별 잘해서 좋은 상품으로 찾아뵐 수 있도록 최선을 다하겠습니다 ♥ 2024/10/22 10:41:10 질문 소과 2kg | 1개 푸드스토리 홍옥사과 맏나요? 2024/10/15 11:55:49 답변 푸드스토리 관심을 가져 주셔서 감사합니다 산지 상황에 따라 햇 빨간 사과 홍로 부사 등 품종이 발송될 수 있음을 안내 드리고자 합니다 선별 잘해서 좋은 상품으로 찾아뵐 수 있도록 최선을 다하겠습니 2024/10/15 13:19:49 질문 가정용 한입사과 2kg | 1개 푸드스토리 상태가 엉망이네요 찌글찌글한것도 있고 다 가져가시고 반품해주세요 2024/05/22 09:15:30 답변 푸드스토리 고객명 주문번호 연동이 되지 않아 확인이 어렵습니다 고객님 죄송합니다 주문번호와 상품의 사진을 부탁드리고자 합니다 생물로 확인 후 처리 될 수 있는 점 양해 부탁드립니다 2024/05/22 11:51:36","images":[]},{"text":"전체보기","images":[]},{"text":"전체보기","images":[]},{"text":"","images":[]},{"text":"ㆍ주문/제작 상품의 경우, 상품의 제작이 이미 진행된 경우","images":[]},{"text":"ㆍ상품 포장을 개봉하여 사용 또는 설치 완료되어 상품의 가치가 훼손된 경우 (단, 내용 확인을 위한 포장 개봉의 경우는 예외)","images":[]},{"text":"ㆍ고객의 사용, 시간경과, 일부 소비에 의하여 상품의 가치가 현저히 감소한 경우","images":[]},{"text":"ㆍ세트상품 일부 사용, 구성품을 분실하였거나 취급 부주의로 인한 파손/고장/오염으로 재판매 불가한 경우","images":[]},{"text":"ㆍ모니터 해상도의 차이로 인해 색상이나 이미지가 실제와 달라, 고객이 단순 변심으로 교환/반품을 무료로 요청하는 경우","images":[]},{"text":"ㆍ제조사의 사정 (신모델 출시 등) 및 부품 가격 변동 등에 의해 무료 교환/반품으로 요청하는 경우","images":[]},{"text":"다른 고객이 함께 구매한 상품","images":[]},{"text":"못난이 사과, 1.5kg(소과, 8~10입), 1팩 8,490원 (100g당 566원) 90% (5,859) 가족 작아도 맛있는 미니사과, 1.5kg(8~10입), 1봉 10,990원 (100g당 733원) 90% (10,727) 하이프루츠 당도선별 의성 세척사과, 2kg(소과, 10~12입), 1개 15,860원 (100g당 793원) 90% (29,404) 곰곰 세척 사과, 2kg(소과), 1개 17,980원 (100g당 899원) 90% (162,592) 영주마실 빨간사과 못난이 가정용, 4.5kg(소과, 26~30입), 1박스 20,090원 (100g당 446원) 90% (1,848) 완숙 토마토, 1kg, 1팩 7,590원 (100g당 759원) 90% (63,505) 곰곰 농협 문경사과, 1.5kg(중과), 1봉 11,420원 (100g당 761원) 90% (10,329) 프레샤인 GAP 인증 충주 못난이사과, 3kg, 1개 13,190원 (100g당 440원) 90% (65,008) 곰곰 방울토마토, 500g, 1팩 6,880원 (100g당 1,376원) 90% (30,719) 고산지 재배 당도선별 사과 중과, 1.5kg, 1봉 14,390원 (100g당 959원) 90% (88,425) 곰곰 대추방울토마토, 1kg, 1개 11,740원 (100g당 1,174원) 90% (309,082) 세도농협 GAP 인증 대추방울토마토, 1kg, 1박스 12,930원 (100g당 1,293원) 90% (226,952) 김해 진영 단감, 800g, 1개 4,090원 (100g당 511원) 90% (6,378) 셀렉트팜 GAP 인증 A 사과, 1kg(소과, 6입), 1팩 8,190원 (100g당 819원) 90% (12,707) 스윗토 스테비아 대추방울토마토, 450g, 1팩 6,470원 (100g당 1,438원) 90% (207,563)","images":[{"url":"https://image7.coupangcdn.com/image/mobile_app/v3/brandsdp/loyalty/pc/rocket-fresh@2x.png","classNames":["rl-item__badge"],"parentClassNames":["clearFix"]},{"url":"https://image7.coupangcdn.com/image/mobile_app/v3/brandsdp/loyalty/pc/rocket-fresh@2x.png","classNames":["rl-item__badge"],"parentClassNames":["clearFix"]},{"url":"https://image7.coupangcdn.com/image/mobile_app/v3/brandsdp/loyalty/pc/rocket-fresh@2x.png","classNames":["rl-item__badge"],"parentClassNames":["clearFix"]},{"url":"https://image7.coupangcdn.com/image/mobile_app/v3/brandsdp/loyalty/pc/rocket-fresh@2x.png","classNames":["rl-item__badge"],"parentClassNames":["clearFix"]},{"url":"https://image7.coupangcdn.com/image/mobile_app/v3/brandsdp/loyalty/pc/rocket-fresh@2x.png","classNames":["rl-item__badge"],"parentClassNames":["clearFix"]},{"url":"https://image7.coupangcdn.com/image/mobile_app/v3/brandsdp/loyalty/pc/rocket-fresh@2x.png","classNames":["rl-item__badge"],"parentClassNames":["clearFix"]},{"url":"https://image7.coupangcdn.com/image/mobile_app/v3/brandsdp/loyalty/pc/rocket-fresh@2x.png","classNames":["rl-item__badge"],"parentClassNames":["clearFix"]},{"url":"https://image7.coupangcdn.com/image/mobile_app/v3/brandsdp/loyalty/pc/rocket-fresh@2x.png","classNames":["rl-item__badge"],"parentClassNames":["clearFix"]},{"url":"https://image7.coupangcdn.com/image/mobile_app/v3/brandsdp/loyalty/pc/rocket-fresh@2x.png","classNames":["rl-item__badge"],"parentClassNames":["clearFix"]},{"url":"https://image7.coupangcdn.com/image/mobile_app/v3/brandsdp/loyalty/pc/rocket-fresh@2x.png","classNames":["rl-item__badge"],"parentClassNames":["clearFix"]},{"url":"https://image7.coupangcdn.com/image/mobile_app/v3/brandsdp/loyalty/pc/rocket-fresh@2x.png","classNames":["rl-item__badge"],"parentClassNames":["clearFix"]},{"url":"https://image7.coupangcdn.com/image/mobile_app/v3/brandsdp/loyalty/pc/rocket-fresh@2x.png","classNames":["rl-item__badge"],"parentClassNames":["clearFix"]},{"url":"https://image7.coupangcdn.com/image/mobile_app/v3/brandsdp/loyalty/pc/rocket-fresh@2x.png","classNames":["rl-item__badge"],"parentClassNames":["clearFix"]},{"url":"https://image7.coupangcdn.com/image/mobile_app/v3/brandsdp/loyalty/pc/rocket-fresh@2x.png","classNames":["rl-item__badge"],"parentClassNames":["clearFix"]},{"url":"https://image7.coupangcdn.com/image/mobile_app/v3/brandsdp/loyalty/pc/rocket-fresh@2x.png","classNames":["rl-item__badge"],"parentClassNames":["clearFix"]}]},{"text":"못난이 사과, 1.5kg(소과, 8~10입), 1팩 8,490원 (100g당 566원) 90% (5,859) 가족 작아도 맛있는 미니사과, 1.5kg(8~10입), 1봉 10,990원 (100g당 733원) 90% (10,727) 하이프루츠 당도선별 의성 세척사과, 2kg(소과, 10~12입), 1개 15,860원 (100g당 793원) 90% (29,404) 곰곰 세척 사과, 2kg(소과), 1개 17,980원 (100g당 899원) 90% (162,592) 영주마실 빨간사과 못난이 가정용, 4.5kg(소과, 26~30입), 1박스 20,090원 (100g당 446원) 90% (1,848) 완숙 토마토, 1kg, 1팩 7,590원 (100g당 759원) 90% (63,505) 곰곰 농협 문경사과, 1.5kg(중과), 1봉 11,420원 (100g당 761원) 90% (10,329) 프레샤인 GAP 인증 충주 못난이사과, 3kg, 1개 13,190원 (100g당 440원) 90% (65,008) 곰곰 방울토마토, 500g, 1팩 6,880원 (100g당 1,376원) 90% (30,719) 고산지 재배 당도선별 사과 중과, 1.5kg, 1봉 14,390원 (100g당 959원) 90% (88,425) 곰곰 대추방울토마토, 1kg, 1개 11,740원 (100g당 1,174원) 90% (309,082) 세도농협 GAP 인증 대추방울토마토, 1kg, 1박스 12,930원 (100g당 1,293원) 90% (226,952) 김해 진영 단감, 800g, 1개 4,090원 (100g당 511원) 90% (6,378) 셀렉트팜 GAP 인증 A 사과, 1kg(소과, 6입), 1팩 8,190원 (100g당 819원) 90% (12,707) 스윗토 스테비아 대추방울토마토, 450g, 1팩 6,470원 (100g당 1,438원) 90% (207,563)","images":[{"url":"https://image7.coupangcdn.com/image/mobile_app/v3/brandsdp/loyalty/pc/rocket-fresh@2x.png","classNames":["rl-item__badge"],"parentClassNames":["clearFix"]},{"url":"https://image7.coupangcdn.com/image/mobile_app/v3/brandsdp/loyalty/pc/rocket-fresh@2x.png","classNames":["rl-item__badge"],"parentClassNames":["clearFix"]},{"url":"https://image7.coupangcdn.com/image/mobile_app/v3/brandsdp/loyalty/pc/rocket-fresh@2x.png","classNames":["rl-item__badge"],"parentClassNames":["clearFix"]},{"url":"https://image7.coupangcdn.com/image/mobile_app/v3/brandsdp/loyalty/pc/rocket-fresh@2x.png","classNames":["rl-item__badge"],"parentClassNames":["clearFix"]},{"url":"https://image7.coupangcdn.com/image/mobile_app/v3/brandsdp/loyalty/pc/rocket-fresh@2x.png","classNames":["rl-item__badge"],"parentClassNames":["clearFix"]},{"url":"https://image7.coupangcdn.com/image/mobile_app/v3/brandsdp/loyalty/pc/rocket-fresh@2x.png","classNames":["rl-item__badge"],"parentClassNames":["clearFix"]},{"url":"https://image7.coupangcdn.com/image/mobile_app/v3/brandsdp/loyalty/pc/rocket-fresh@2x.png","classNames":["rl-item__badge"],"parentClassNames":["clearFix"]},{"url":"https://image7.coupangcdn.com/image/mobile_app/v3/brandsdp/loyalty/pc/rocket-fresh@2x.png","classNames":["rl-item__badge"],"parentClassNames":["clearFix"]},{"url":"https://image7.coupangcdn.com/image/mobile_app/v3/brandsdp/loyalty/pc/rocket-fresh@2x.png","classNames":["rl-item__badge"],"parentClassNames":["clearFix"]},{"url":"https://image7.coupangcdn.com/image/mobile_app/v3/brandsdp/loyalty/pc/rocket-fresh@2x.png","classNames":["rl-item__badge"],"parentClassNames":["clearFix"]},{"url":"https://image7.coupangcdn.com/image/mobile_app/v3/brandsdp/loyalty/pc/rocket-fresh@2x.png","classNames":["rl-item__badge"],"parentClassNames":["clearFix"]},{"url":"https://image7.coupangcdn.com/image/mobile_app/v3/brandsdp/loyalty/pc/rocket-fresh@2x.png","classNames":["rl-item__badge"],"parentClassNames":["clearFix"]},{"url":"https://image7.coupangcdn.com/image/mobile_app/v3/brandsdp/loyalty/pc/rocket-fresh@2x.png","classNames":["rl-item__badge"],"parentClassNames":["clearFix"]},{"url":"https://image7.coupangcdn.com/image/mobile_app/v3/brandsdp/loyalty/pc/rocket-fresh@2x.png","classNames":["rl-item__badge"],"parentClassNames":["clearFix"]},{"url":"https://image7.coupangcdn.com/image/mobile_app/v3/brandsdp/loyalty/pc/rocket-fresh@2x.png","classNames":["rl-item__badge"],"parentClassNames":["clearFix"]}]},{"text":"새콤달콤 맛있는 빨간 햇 사과, 4.5kg, 1개 31,400원 (100g당 698원) 80% (2,987) 푸드마실 껍질째먹는 경북 청송 안동 꿀사과, 사과 2kg(10~13과), 1개 13,900원 (100g당 695원) 60% (875) 첫 출하 빨간 가정용 햇 사과 4.5KG (무조건 발송), (20~30과)소과, 1개 30,700원 (100g당 682원) 70% (31,889) 안동 청송 프리미엄 햇 사과 가정용, 1개, 9kg 53,900원 (100g당 599원) 70% (2,362) 과즙 팡팡 경북 부사 사과 5kg, 1개, 5kg 소과 29,820원 (100g당 596원) 70% (178) 스윗쿡 과일앤 저탄소인증 홍로 부사 사과 정품, 당도선별 사과 10kg 대과, 1개 96,800원 (100g당 968원) 80% (62) [돌마리상회] 사과 부사 경북사과, 1박스, (실속형) 중소과/중과 3kg 21,800원 (100g당 727원) 햇 빨간 가정용 한입 사과 4.5KG (당일발송), 1개, 정품 소과 사과 (24~30과) 32,850원 (100g당 730원) 80% (17,491) 당도보장 꿀이가득 껍질째먹는 안동 청송 가정용 꿀사과, 1개, 9kg 77,150원 (100g당 857원) 70% (1,301) 껍질째먹는 훈이네 경북 청송 가정용 선물용 꿀사과, 혼합5KG, 1개 39,900원 (100g당 798원) 90% (17,646) 아삭한 고당도 꿀맛 가정용 홍로 흠과 부사 미시마 햇 사과(중과) 2kg 4kg, 1박스, 가정용사과 2kg(8-14과) 26,500원 (100g당 1,325원) 70% (102) 햇빛농원 밀양얼음골사과 햇부사 산지직송, 1박스, 5kg (흠과 꼬마), 25~30과 45,900원 70% (116) 따봉프레시 못생겨도 맛있는 가정용 안동 청송 꿀사과, 1개, 9kg 53,900원 (100g당 599원) 70% (3,159) 건강을 담은 장군이네 가정용 꿀사과 흠과, 1개, 혼합 10kg 75,900원 (100g당 759원) 100% (1,891) 우진이네 사과 경북 청송 가정용 꿀사과 못난이사과 ( 소과 혼합), 1박스, 5KG(소과) 37,500원 (100g당 750원) 100% (73) 새콤달콤 꿀당도 시나노골드 황금사과 가정용(소과), 1박스, 시나노골드 3kg 27,900원 (100g당 930원) 80% (29) 수분가득한 제주구좌 경남 강원 햇 흙당근, 1개, 당근 2kg 상 19,800원 (100g당 990원) 80% (1,218) 올해 첫 수확 빨간 햇 사과, 한입사과 4.5KG, 1개 28,900원 (100g당 578원) 80% (4,482) 해남 다모 꿀고구마, 3kg (한입), 1개 10,960원 (100g당 365원) 80% (12,697) 프리미엄 고당도 루비에스 미니사과 알프스오토메, 1개, 루비에스 미니사과 1kg (12-22과 내외) 16,840원 (100g당 1,684원) 80% (12)","images":[]},{"text":"새콤달콤 맛있는 빨간 햇 사과, 4.5kg, 1개 31,400원 (100g당 698원) 80% (2,987) 푸드마실 껍질째먹는 경북 청송 안동 꿀사과, 사과 2kg(10~13과), 1개 13,900원 (100g당 695원) 60% (875) 첫 출하 빨간 가정용 햇 사과 4.5KG (무조건 발송), (20~30과)소과, 1개 30,700원 (100g당 682원) 70% (31,889) 안동 청송 프리미엄 햇 사과 가정용, 1개, 9kg 53,900원 (100g당 599원) 70% (2,362) 과즙 팡팡 경북 부사 사과 5kg, 1개, 5kg 소과 29,820원 (100g당 596원) 70% (178) 스윗쿡 과일앤 저탄소인증 홍로 부사 사과 정품, 당도선별 사과 10kg 대과, 1개 96,800원 (100g당 968원) 80% (62) [돌마리상회] 사과 부사 경북사과, 1박스, (실속형) 중소과/중과 3kg 21,800원 (100g당 727원) 햇 빨간 가정용 한입 사과 4.5KG (당일발송), 1개, 정품 소과 사과 (24~30과) 32,850원 (100g당 730원) 80% (17,491) 당도보장 꿀이가득 껍질째먹는 안동 청송 가정용 꿀사과, 1개, 9kg 77,150원 (100g당 857원) 70% (1,301) 껍질째먹는 훈이네 경북 청송 가정용 선물용 꿀사과, 혼합5KG, 1개 39,900원 (100g당 798원) 90% (17,646) 아삭한 고당도 꿀맛 가정용 홍로 흠과 부사 미시마 햇 사과(중과) 2kg 4kg, 1박스, 가정용사과 2kg(8-14과) 26,500원 (100g당 1,325원) 70% (102) 햇빛농원 밀양얼음골사과 햇부사 산지직송, 1박스, 5kg (흠과 꼬마), 25~30과 45,900원 70% (116) 따봉프레시 못생겨도 맛있는 가정용 안동 청송 꿀사과, 1개, 9kg 53,900원 (100g당 599원) 70% (3,159) 건강을 담은 장군이네 가정용 꿀사과 흠과, 1개, 혼합 10kg 75,900원 (100g당 759원) 100% (1,891) 우진이네 사과 경북 청송 가정용 꿀사과 못난이사과 ( 소과 혼합), 1박스, 5KG(소과) 37,500원 (100g당 750원) 100% (73) 새콤달콤 꿀당도 시나노골드 황금사과 가정용(소과), 1박스, 시나노골드 3kg 27,900원 (100g당 930원) 80% (29) 수분가득한 제주구좌 경남 강원 햇 흙당근, 1개, 당근 2kg 상 19,800원 (100g당 990원) 80% (1,218) 올해 첫 수확 빨간 햇 사과, 한입사과 4.5KG, 1개 28,900원 (100g당 578원) 80% (4,482) 해남 다모 꿀고구마, 3kg (한입), 1개 10,960원 (100g당 365원) 80% (12,697) 프리미엄 고당도 루비에스 미니사과 알프스오토메, 1개, 루비에스 미니사과 1kg (12-22과 내외) 16,840원 (100g당 1,684원) 80% (12)","images":[]},{"text":"특가진행중 타니다키비단고 수수경단 우유맛, 1개, 98g 와우할인가 30% 7,080 4,950원 (10g 505원) 90% (12) 1 % 남음","images":[{"url":"https://image6.coupangcdn.com/image/delivery_badge/default/pc/global_b/global_b.png","classNames":["jikgu-badge"],"parentClassNames":["promotion-item-price-contain"]}]},{"text":"특가진행중 베스트네츄럴스 D-리보스 퓨어 파우더, 1개, 454g 와우할인가 19% 27,760 22,480원 (10g 495원) 100% (1) 1 % 남음","images":[{"url":"https://image6.coupangcdn.com/image/delivery_badge/default/pc/global_b/global_b.png","classNames":["jikgu-badge"],"parentClassNames":["promotion-item-price-contain"]}]},{"text":"특가진행중 마누카헬스 뉴질랜드 로우 마누카 허니 MGO 573+ UMF 16+, 250g, 1개 와우할인가 53% 90,600 42,000원 (100g 16,800원) 무료배송 100% (1,094) 1 % 남음","images":[{"url":"https://image6.coupangcdn.com/image/delivery_badge/default/pc/global_b/global_b.png","classNames":["jikgu-badge"],"parentClassNames":["promotion-item-price-contain"]}]},{"text":"특가진행중 마가리타빌 마가리타 믹스, 1L, 1개 와우할인가 31% 19,190 13,080원 (100ml 1,308원) 90% (49) 1 % 남음","images":[{"url":"https://image6.coupangcdn.com/image/delivery_badge/default/pc/global_b/global_b.png","classNames":["jikgu-badge"],"parentClassNames":["promotion-item-price-contain"]}]},{"text":"특가진행중 Tukunaka 소프트 관자 훈제 오일 절임, 1개, 60g 와우할인가 29% 12,800 9,080원 (10g 1,513원) 1 % 남음","images":[{"url":"https://image6.coupangcdn.com/image/delivery_badge/default/pc/global_b/global_b.png","classNames":["jikgu-badge"],"parentClassNames":["promotion-item-price-contain"]}]},{"text":"특가진행중 밥스레드밀 홀 치아 씨드, 340g, 2개 와우할인가 22% 26,570 20,660원 (100g 3,038원) 100% (612) 1 % 남음","images":[{"url":"https://image6.coupangcdn.com/image/delivery_badge/default/pc/global_b/global_b.png","classNames":["jikgu-badge"],"parentClassNames":["promotion-item-price-contain"]}]},{"text":"특가진행중 바쇼도 와라비모찌 키나코, 3개, 100g 와우할인가 25% 16,130 12,090원 (10g 403원) 90% (14) 1 % 남음","images":[{"url":"https://image6.coupangcdn.com/image/delivery_badge/default/pc/global_b/global_b.png","classNames":["jikgu-badge"],"parentClassNames":["promotion-item-price-contain"]}]},{"text":"특가진행중 콤비타 마누카 허니 UMF20+, 250g, 1개 와우할인가 24% 146,940 111,600원 (100g 44,640원) 무료배송 100% (1) 47 % 남음","images":[{"url":"https://image6.coupangcdn.com/image/delivery_badge/default/pc/global_b/global_b.png","classNames":["jikgu-badge"],"parentClassNames":["promotion-item-price-contain"]}]},{"text":"특가진행중 미라쿠노리 윈터 프루트 찹쌀떡 딸기 + 유자 사과 키위, 1개, 240g 와우할인가 41% 8,090 4,770원 (10g 199원) 무료배송 100% (1) 87 % 남음","images":[{"url":"https://image6.coupangcdn.com/image/delivery_badge/default/pc/global_b/global_b.png","classNames":["jikgu-badge"],"parentClassNames":["promotion-item-price-contain"]}]},{"text":"특가진행중 밥스레드밀 씩 롤드 오트, 907g, 4개 와우할인가 19% 44,210 35,460원 (100g 977원) 무료배송 100% (1,997) 1 % 남음","images":[{"url":"https://image6.coupangcdn.com/image/delivery_badge/default/pc/global_b/global_b.png","classNames":["jikgu-badge"],"parentClassNames":["promotion-item-price-contain"]}]},{"text":"특가진행중 마카다미아스오스트레일리아 해피 넛 바닐라 마카다미아, 225g, 20개 와우할인가 14% 134,710 115,000원 (10g 256원) 무료배송 90% (132) 95 % 남음","images":[{"url":"https://image6.coupangcdn.com/image/delivery_badge/default/pc/global_b/global_b.png","classNames":["jikgu-badge"],"parentClassNames":["promotion-item-price-contain"]}]},{"text":"특가진행중 Tukunaka 소프트 관자, 10개, 28g 와우할인가 34% 49,710 32,800원 (10g 1,171원) 무료배송 1 % 남음","images":[{"url":"https://image6.coupangcdn.com/image/delivery_badge/default/pc/global_b/global_b.png","classNames":["jikgu-badge"],"parentClassNames":["promotion-item-price-contain"]}]},{"text":"특가진행중 마누카헬스 뉴질랜드 로우 마누카 허니 MGO 263+ UMF 10+, 500g, 1개 와우할인가 24% 51,540 38,970원 (100g 7,794원) 무료배송 100% (788) 1 % 남음","images":[{"url":"https://image6.coupangcdn.com/image/delivery_badge/default/pc/global_b/global_b.png","classNames":["jikgu-badge"],"parentClassNames":["promotion-item-price-contain"]}]},{"text":"특가진행중 콤비타 마누카 허니 UMF5+, 1kg, 1개 와우할인가 17% 64,070 53,000원 (100g 5,300원) 무료배송 100% (157) 15 % 남음","images":[{"url":"https://image6.coupangcdn.com/image/delivery_badge/default/pc/global_b/global_b.png","classNames":["jikgu-badge"],"parentClassNames":["promotion-item-price-contain"]}]},{"text":"특가진행중 소켄샤 율무, 1개, 220g 와우할인가 17% 11,190 9,280원 (100g 4,218원) 1 % 남음","images":[{"url":"https://image6.coupangcdn.com/image/delivery_badge/default/pc/global_b/global_b.png","classNames":["jikgu-badge"],"parentClassNames":["promotion-item-price-contain"]}]},{"text":"특가진행중 콤비타 마누카 허니 UMF10+, 250g, 1개 와우할인가 25% 46,150 34,330원 (100g 13,732원) 무료배송 90% (157) 86 % 남음","images":[{"url":"https://image6.coupangcdn.com/image/delivery_badge/default/pc/global_b/global_b.png","classNames":["jikgu-badge"],"parentClassNames":["promotion-item-price-contain"]}]},{"text":"특가진행중 얼스바운티 타히티안 노니 주스, 946ml, 2개 와우할인가 22% 62,490 48,740원 (100ml 2,576원) 무료배송 90% (216) 1 % 남음","images":[{"url":"https://image6.coupangcdn.com/image/delivery_badge/default/pc/global_b/global_b.png","classNames":["jikgu-badge"],"parentClassNames":["promotion-item-price-contain"]}]},{"text":"특가진행중 Bee2 Honey 마누카 허니 스트로우 선물 세트 Mgo300+, 1개, 360g 와우할인가 30% 48,530 33,970원 (100g 9,436원) 무료배송 100% (49) 1 % 남음","images":[{"url":"https://image6.coupangcdn.com/image/delivery_badge/default/pc/global_b/global_b.png","classNames":["jikgu-badge"],"parentClassNames":["promotion-item-price-contain"]}]}],"pagination":{"type":"numbered","hasNextPage":false}}]},{"identifier":["peopleAlsoBought"],"pages":[{"url":"https://www.coupang.com/vp/products/8246353393?vendorItemId=86646022701&sourceType=HOME_GW_PROMOTION&searchId=feed-f214edf3bd3b481aabe1ba244d82887a-gw_promotion&isAddedCart=","classNames":["ui-recommendation-list"],"data":[{"text":"다른 고객이 함께 구매한 상품","images":[]},{"text":"못난이 사과, 1.5kg(소과, 8~10입), 1팩 8,490원 (100g당 566원) 90% (5,859) 가족 작아도 맛있는 미니사과, 1.5kg(8~10입), 1봉 10,990원 (100g당 733원) 90% (10,727) 하이프루츠 당도선별 의성 세척사과, 2kg(소과, 10~12입), 1개 15,860원 (100g당 793원) 90% (29,404) 곰곰 세척 사과, 2kg(소과), 1개 17,980원 (100g당 899원) 90% (162,592) 영주마실 빨간사과 못난이 가정용, 4.5kg(소과, 26~30입), 1박스 20,090원 (100g당 446원) 90% (1,848) 완숙 토마토, 1kg, 1팩 7,590원 (100g당 759원) 90% (63,505) 곰곰 농협 문경사과, 1.5kg(중과), 1봉 11,420원 (100g당 761원) 90% (10,329) 프레샤인 GAP 인증 충주 못난이사과, 3kg, 1개 13,190원 (100g당 440원) 90% (65,008) 곰곰 방울토마토, 500g, 1팩 6,880원 (100g당 1,376원) 90% (30,719) 고산지 재배 당도선별 사과 중과, 1.5kg, 1봉 14,390원 (100g당 959원) 90% (88,425) 곰곰 대추방울토마토, 1kg, 1개 11,740원 (100g당 1,174원) 90% (309,082) 세도농협 GAP 인증 대추방울토마토, 1kg, 1박스 12,930원 (100g당 1,293원) 90% (226,952) 김해 진영 단감, 800g, 1개 4,090원 (100g당 511원) 90% (6,378) 셀렉트팜 GAP 인증 A 사과, 1kg(소과, 6입), 1팩 8,190원 (100g당 819원) 90% (12,707) 스윗토 스테비아 대추방울토마토, 450g, 1팩 6,470원 (100g당 1,438원) 90% (207,563)","images":[{"url":"https://image7.coupangcdn.com/image/mobile_app/v3/brandsdp/loyalty/pc/rocket-fresh@2x.png","classNames":["rl-item__badge"],"parentClassNames":["clearFix"]},{"url":"https://image7.coupangcdn.com/image/mobile_app/v3/brandsdp/loyalty/pc/rocket-fresh@2x.png","classNames":["rl-item__badge"],"parentClassNames":["clearFix"]},{"url":"https://image7.coupangcdn.com/image/mobile_app/v3/brandsdp/loyalty/pc/rocket-fresh@2x.png","classNames":["rl-item__badge"],"parentClassNames":["clearFix"]},{"url":"https://image7.coupangcdn.com/image/mobile_app/v3/brandsdp/loyalty/pc/rocket-fresh@2x.png","classNames":["rl-item__badge"],"parentClassNames":["clearFix"]},{"url":"https://image7.coupangcdn.com/image/mobile_app/v3/brandsdp/loyalty/pc/rocket-fresh@2x.png","classNames":["rl-item__badge"],"parentClassNames":["clearFix"]},{"url":"https://image7.coupangcdn.com/image/mobile_app/v3/brandsdp/loyalty/pc/rocket-fresh@2x.png","classNames":["rl-item__badge"],"parentClassNames":["clearFix"]},{"url":"https://image7.coupangcdn.com/image/mobile_app/v3/brandsdp/loyalty/pc/rocket-fresh@2x.png","classNames":["rl-item__badge"],"parentClassNames":["clearFix"]},{"url":"https://image7.coupangcdn.com/image/mobile_app/v3/brandsdp/loyalty/pc/rocket-fresh@2x.png","classNames":["rl-item__badge"],"parentClassNames":["clearFix"]},{"url":"https://image7.coupangcdn.com/image/mobile_app/v3/brandsdp/loyalty/pc/rocket-fresh@2x.png","classNames":["rl-item__badge"],"parentClassNames":["clearFix"]},{"url":"https://image7.coupangcdn.com/image/mobile_app/v3/brandsdp/loyalty/pc/rocket-fresh@2x.png","classNames":["rl-item__badge"],"parentClassNames":["clearFix"]},{"url":"https://image7.coupangcdn.com/image/mobile_app/v3/brandsdp/loyalty/pc/rocket-fresh@2x.png","classNames":["rl-item__badge"],"parentClassNames":["clearFix"]},{"url":"https://image7.coupangcdn.com/image/mobile_app/v3/brandsdp/loyalty/pc/rocket-fresh@2x.png","classNames":["rl-item__badge"],"parentClassNames":["clearFix"]},{"url":"https://image7.coupangcdn.com/image/mobile_app/v3/brandsdp/loyalty/pc/rocket-fresh@2x.png","classNames":["rl-item__badge"],"parentClassNames":["clearFix"]},{"url":"https://image7.coupangcdn.com/image/mobile_app/v3/brandsdp/loyalty/pc/rocket-fresh@2x.png","classNames":["rl-item__badge"],"parentClassNames":["clearFix"]},{"url":"https://image7.coupangcdn.com/image/mobile_app/v3/brandsdp/loyalty/pc/rocket-fresh@2x.png","classNames":["rl-item__badge"],"parentClassNames":["clearFix"]}]},{"text":"못난이 사과, 1.5kg(소과, 8~10입), 1팩 8,490원 (100g당 566원) 90% (5,859) 가족 작아도 맛있는 미니사과, 1.5kg(8~10입), 1봉 10,990원 (100g당 733원) 90% (10,727) 하이프루츠 당도선별 의성 세척사과, 2kg(소과, 10~12입), 1개 15,860원 (100g당 793원) 90% (29,404) 곰곰 세척 사과, 2kg(소과), 1개 17,980원 (100g당 899원) 90% (162,592) 영주마실 빨간사과 못난이 가정용, 4.5kg(소과, 26~30입), 1박스 20,090원 (100g당 446원) 90% (1,848) 완숙 토마토, 1kg, 1팩 7,590원 (100g당 759원) 90% (63,505) 곰곰 농협 문경사과, 1.5kg(중과), 1봉 11,420원 (100g당 761원) 90% (10,329) 프레샤인 GAP 인증 충주 못난이사과, 3kg, 1개 13,190원 (100g당 440원) 90% (65,008) 곰곰 방울토마토, 500g, 1팩 6,880원 (100g당 1,376원) 90% (30,719) 고산지 재배 당도선별 사과 중과, 1.5kg, 1봉 14,390원 (100g당 959원) 90% (88,425) 곰곰 대추방울토마토, 1kg, 1개 11,740원 (100g당 1,174원) 90% (309,082) 세도농협 GAP 인증 대추방울토마토, 1kg, 1박스 12,930원 (100g당 1,293원) 90% (226,952) 김해 진영 단감, 800g, 1개 4,090원 (100g당 511원) 90% (6,378) 셀렉트팜 GAP 인증 A 사과, 1kg(소과, 6입), 1팩 8,190원 (100g당 819원) 90% (12,707) 스윗토 스테비아 대추방울토마토, 450g, 1팩 6,470원 (100g당 1,438원) 90% (207,563)","images":[{"url":"https://image7.coupangcdn.com/image/mobile_app/v3/brandsdp/loyalty/pc/rocket-fresh@2x.png","classNames":["rl-item__badge"],"parentClassNames":["clearFix"]},{"url":"https://image7.coupangcdn.com/image/mobile_app/v3/brandsdp/loyalty/pc/rocket-fresh@2x.png","classNames":["rl-item__badge"],"parentClassNames":["clearFix"]},{"url":"https://image7.coupangcdn.com/image/mobile_app/v3/brandsdp/loyalty/pc/rocket-fresh@2x.png","classNames":["rl-item__badge"],"parentClassNames":["clearFix"]},{"url":"https://image7.coupangcdn.com/image/mobile_app/v3/brandsdp/loyalty/pc/rocket-fresh@2x.png","classNames":["rl-item__badge"],"parentClassNames":["clearFix"]},{"url":"https://image7.coupangcdn.com/image/mobile_app/v3/brandsdp/loyalty/pc/rocket-fresh@2x.png","classNames":["rl-item__badge"],"parentClassNames":["clearFix"]},{"url":"https://image7.coupangcdn.com/image/mobile_app/v3/brandsdp/loyalty/pc/rocket-fresh@2x.png","classNames":["rl-item__badge"],"parentClassNames":["clearFix"]},{"url":"https://image7.coupangcdn.com/image/mobile_app/v3/brandsdp/loyalty/pc/rocket-fresh@2x.png","classNames":["rl-item__badge"],"parentClassNames":["clearFix"]},{"url":"https://image7.coupangcdn.com/image/mobile_app/v3/brandsdp/loyalty/pc/rocket-fresh@2x.png","classNames":["rl-item__badge"],"parentClassNames":["clearFix"]},{"url":"https://image7.coupangcdn.com/image/mobile_app/v3/brandsdp/loyalty/pc/rocket-fresh@2x.png","classNames":["rl-item__badge"],"parentClassNames":["clearFix"]},{"url":"https://image7.coupangcdn.com/image/mobile_app/v3/brandsdp/loyalty/pc/rocket-fresh@2x.png","classNames":["rl-item__badge"],"parentClassNames":["clearFix"]},{"url":"https://image7.coupangcdn.com/image/mobile_app/v3/brandsdp/loyalty/pc/rocket-fresh@2x.png","classNames":["rl-item__badge"],"parentClassNames":["clearFix"]},{"url":"https://image7.coupangcdn.com/image/mobile_app/v3/brandsdp/loyalty/pc/rocket-fresh@2x.png","classNames":["rl-item__badge"],"parentClassNames":["clearFix"]},{"url":"https://image7.coupangcdn.com/image/mobile_app/v3/brandsdp/loyalty/pc/rocket-fresh@2x.png","classNames":["rl-item__badge"],"parentClassNames":["clearFix"]},{"url":"https://image7.coupangcdn.com/image/mobile_app/v3/brandsdp/loyalty/pc/rocket-fresh@2x.png","classNames":["rl-item__badge"],"parentClassNames":["clearFix"]},{"url":"https://image7.coupangcdn.com/image/mobile_app/v3/brandsdp/loyalty/pc/rocket-fresh@2x.png","classNames":["rl-item__badge"],"parentClassNames":["clearFix"]}]}],"pagination":{"type":"numbered","hasNextPage":false}}]},{"identifier":["sdpBottomAds-sdp-ads-impression-log"],"pages":[{"url":"https://www.coupang.com/vp/products/8246353393?vendorItemId=86646022701&sourceType=HOME_GW_PROMOTION&searchId=feed-f214edf3bd3b481aabe1ba244d82887a-gw_promotion&isAddedCart=","classNames":["ui-recommendation-list"],"data":[{"text":"새콤달콤 맛있는 빨간 햇 사과, 4.5kg, 1개 31,400원 (100g당 698원) 80% (2,987) 푸드마실 껍질째먹는 경북 청송 안동 꿀사과, 사과 2kg(10~13과), 1개 13,900원 (100g당 695원) 60% (875) 첫 출하 빨간 가정용 햇 사과 4.5KG (무조건 발송), (20~30과)소과, 1개 30,700원 (100g당 682원) 70% (31,889) 안동 청송 프리미엄 햇 사과 가정용, 1개, 9kg 53,900원 (100g당 599원) 70% (2,362) 과즙 팡팡 경북 부사 사과 5kg, 1개, 5kg 소과 29,820원 (100g당 596원) 70% (178) 스윗쿡 과일앤 저탄소인증 홍로 부사 사과 정품, 당도선별 사과 10kg 대과, 1개 96,800원 (100g당 968원) 80% (62) [돌마리상회] 사과 부사 경북사과, 1박스, (실속형) 중소과/중과 3kg 21,800원 (100g당 727원) 햇 빨간 가정용 한입 사과 4.5KG (당일발송), 1개, 정품 소과 사과 (24~30과) 32,850원 (100g당 730원) 80% (17,491) 당도보장 꿀이가득 껍질째먹는 안동 청송 가정용 꿀사과, 1개, 9kg 77,150원 (100g당 857원) 70% (1,301) 껍질째먹는 훈이네 경북 청송 가정용 선물용 꿀사과, 혼합5KG, 1개 39,900원 (100g당 798원) 90% (17,646) 아삭한 고당도 꿀맛 가정용 홍로 흠과 부사 미시마 햇 사과(중과) 2kg 4kg, 1박스, 가정용사과 2kg(8-14과) 26,500원 (100g당 1,325원) 70% (102) 햇빛농원 밀양얼음골사과 햇부사 산지직송, 1박스, 5kg (흠과 꼬마), 25~30과 45,900원 70% (116) 따봉프레시 못생겨도 맛있는 가정용 안동 청송 꿀사과, 1개, 9kg 53,900원 (100g당 599원) 70% (3,159) 건강을 담은 장군이네 가정용 꿀사과 흠과, 1개, 혼합 10kg 75,900원 (100g당 759원) 100% (1,891) 우진이네 사과 경북 청송 가정용 꿀사과 못난이사과 ( 소과 혼합), 1박스, 5KG(소과) 37,500원 (100g당 750원) 100% (73) 새콤달콤 꿀당도 시나노골드 황금사과 가정용(소과), 1박스, 시나노골드 3kg 27,900원 (100g당 930원) 80% (29) 수분가득한 제주구좌 경남 강원 햇 흙당근, 1개, 당근 2kg 상 19,800원 (100g당 990원) 80% (1,218) 올해 첫 수확 빨간 햇 사과, 한입사과 4.5KG, 1개 28,900원 (100g당 578원) 80% (4,482) 해남 다모 꿀고구마, 3kg (한입), 1개 10,960원 (100g당 365원) 80% (12,697) 프리미엄 고당도 루비에스 미니사과 알프스오토메, 1개, 루비에스 미니사과 1kg (12-22과 내외) 16,840원 (100g당 1,684원) 80% (12)","images":[]},{"text":"새콤달콤 맛있는 빨간 햇 사과, 4.5kg, 1개 31,400원 (100g당 698원) 80% (2,987) 푸드마실 껍질째먹는 경북 청송 안동 꿀사과, 사과 2kg(10~13과), 1개 13,900원 (100g당 695원) 60% (875) 첫 출하 빨간 가정용 햇 사과 4.5KG (무조건 발송), (20~30과)소과, 1개 30,700원 (100g당 682원) 70% (31,889) 안동 청송 프리미엄 햇 사과 가정용, 1개, 9kg 53,900원 (100g당 599원) 70% (2,362) 과즙 팡팡 경북 부사 사과 5kg, 1개, 5kg 소과 29,820원 (100g당 596원) 70% (178) 스윗쿡 과일앤 저탄소인증 홍로 부사 사과 정품, 당도선별 사과 10kg 대과, 1개 96,800원 (100g당 968원) 80% (62) [돌마리상회] 사과 부사 경북사과, 1박스, (실속형) 중소과/중과 3kg 21,800원 (100g당 727원) 햇 빨간 가정용 한입 사과 4.5KG (당일발송), 1개, 정품 소과 사과 (24~30과) 32,850원 (100g당 730원) 80% (17,491) 당도보장 꿀이가득 껍질째먹는 안동 청송 가정용 꿀사과, 1개, 9kg 77,150원 (100g당 857원) 70% (1,301) 껍질째먹는 훈이네 경북 청송 가정용 선물용 꿀사과, 혼합5KG, 1개 39,900원 (100g당 798원) 90% (17,646) 아삭한 고당도 꿀맛 가정용 홍로 흠과 부사 미시마 햇 사과(중과) 2kg 4kg, 1박스, 가정용사과 2kg(8-14과) 26,500원 (100g당 1,325원) 70% (102) 햇빛농원 밀양얼음골사과 햇부사 산지직송, 1박스, 5kg (흠과 꼬마), 25~30과 45,900원 70% (116) 따봉프레시 못생겨도 맛있는 가정용 안동 청송 꿀사과, 1개, 9kg 53,900원 (100g당 599원) 70% (3,159) 건강을 담은 장군이네 가정용 꿀사과 흠과, 1개, 혼합 10kg 75,900원 (100g당 759원) 100% (1,891) 우진이네 사과 경북 청송 가정용 꿀사과 못난이사과 ( 소과 혼합), 1박스, 5KG(소과) 37,500원 (100g당 750원) 100% (73) 새콤달콤 꿀당도 시나노골드 황금사과 가정용(소과), 1박스, 시나노골드 3kg 27,900원 (100g당 930원) 80% (29) 수분가득한 제주구좌 경남 강원 햇 흙당근, 1개, 당근 2kg 상 19,800원 (100g당 990원) 80% (1,218) 올해 첫 수확 빨간 햇 사과, 한입사과 4.5KG, 1개 28,900원 (100g당 578원) 80% (4,482) 해남 다모 꿀고구마, 3kg (한입), 1개 10,960원 (100g당 365원) 80% (12,697) 프리미엄 고당도 루비에스 미니사과 알프스오토메, 1개, 루비에스 미니사과 1kg (12-22과 내외) 16,840원 (100g당 1,684원) 80% (12)","images":[]}],"pagination":{"type":"numbered","hasNextPage":false}}]}]}